3682 5520
455 510 562 633 Per¹git
586 554 696 614 autem
713 547 873 616 Aristides
893 549 924 613 in
948 549 1010 614 hac
1036 547 1271 632 magnitudinis
1287 547 1415 619 Romae
1440 548 1678 633 descriptione:

347 679 392 758 (p.
417 675 468 751 93,
496 674 566 757 10)1
591 673 746 738 καλύπτει
775 675 835 756 μὲν
864 676 982 756 ἄκρους
1009 674 1169 756 πρώονας,
1201 674 1355 739 καλύπτει
1384 676 1418 739 δὲ
1446 676 1504 758 τὴν
1532 677 1680 757 ἐνμέσῳ

187 793 195 807 ’
282 799 285 804 ’
345 804 417 882 γῆν,
442 800 629 881 καταβαίνει
653 799 688 863 δὲ
712 799 767 863 καί
790 800 1074 882 μέχριύαλάττης
1170 801 1250 863 ὅπου
1273 800 1309 900 (λέ
1331 823 1380 875 τις
1404 801 1678 884 αὐτῆςνίννοιτο,

346 924 437 988 οὐδέν
461 925 591 990 ἔστιτὸ
615 925 742 988 κωλῦον
767 925 888 1006 ὁμοίως
911 923 992 988 εἶναι
1016 925 1048 988 ἐν
1070 924 1209 1007 μέσῳῙ).

453 1064 596 1135 Romam
629 1067 660 1132 in
696 1084 788 1133 mare
818 1067 927 1149 ipsum
959 1066 1150 1152 progredi2)
1179 1065 1403 1133 Sidonius
1432 1083 1570 1151 quoque
1604 1066 1681 1134 dicit

347 1193 483 1269 c.2‚5o:
1212 1199 1215 1203 '
1340 1267 1343 1272 .
1497 1193 1500 1198 ’

507 1315 674 1401 „Porrigis
696 1310 863 1402 ingentem
884 1317 1043 1401 spatiosis
1064 1318 1244 1385 moenibus
1270 1318 1416 1395 urbem'

507 1458 608 1525 quam
629 1449 740 1509 tamen
762 1449 940 1526 angustam
967 1443 1115 1526 populus
1137 1442 1229 1519 iacit;
1256 1443 1318 1508 itur
1343 1443 1374 1508 in
1400 1459 1529 1526 aequor

401 1649 407 1655 ‚
506 1541 655 1641 molibus
677 1575 709 1634 et
732 1575 860 1634 veteres
884 1567 980 1634 tellus
1006 1548 1094 1634 nova
1119 1567 1286 1634 contrahit
1310 1566 1433 1644 undas;

427 1695 479 1759 62.
506 1693 554 1760 sic
577 1700 608 1758 te
633 1692 833 1776 dispositam
858 1698 1133 1788 spectantemque
1159 1691 1303 1776 undique
1329 1701 1455 1777 portus,

504 1818 669 1883 vallatam*
686 1819 808 1901 pelago
832 1824 993 1883 terrarum
1019 1817 1204 1884 commoda
1228 1819 1391 1902 cingunt.“

445 1943 655 2026 sequentem
690 1959 826 2026 quoque
859 1941 1083 2008 Aristidis
1111 1944 1309 2009 sententiam
1342 1944 1385 2009 ad
1415 1943 1677 2026 magnitudinem

346 2068 436 2134 urbis
466 2069 683 2150 pertinentem
720 2067 766 2150 (p.
790 2069 841 2144 93,
876 2069 945 2152 tl):
979 2068 1033 2131 καί
1056 2069 1114 2149 μὲν
1138 2069 1177 2151 δὴ
1201 2067 1269 2131 οὐδ’
1294 2069 1449 2151 ἐπιπολῆς
1471 2093 1510 2152 γε
1533 2070 1677 2153 κέχυται,

343 2192 412 2258 ἀλλ’
433 2194 578 2277 ἀτεχνῶς
599 2195 682 2258 πολύ
701 2193 788 2276 ύπὲρί
798 2193 836 2256 τὸ
855 2183 1060 2276 παράδειγμα
1078 2193 1131 2256 ἐπὶ
1148 2195 1300 2257 πλεῖστον
1319 2196 1386 2258 ἄνω
1404 2198 1477 2278 ἥκει
1495 2202 1554 2258 τού
1573 2195 1677 2276 ἀέρος,

344 2319 388 2394 ὡς
412 2318 492 2380 εἶναι
515 2321 560 2402 μὴ
580 2319 686 2401 χιόνος
710 2319 890 2401 καταλήψει
913 2319 951 2382 τὸ
970 2320 1050 2400 ύψος
1072 2318 1296 2400 προσεικάσαι,
1324 2319 1405 2384 ἀλλὰ
1428 2321 1550 2401 μᾶλλον
1571 2319 1679 2393 αὐτοῖς

340 2453 409 2518 τοῖς
439 2443 567 2525 πρώοσι
601 2440 887 2508 Claudianus
920 2443 1031 2526 tangit,
1072 2460 1147 2508 cum
1183 2442 1259 2508 dicit
1283 2441 1364 2526 (Stil.
1390 2441 1423 2508 lll
1452 2442 1543 2526 135):
1571 2460 1679 2525 „quae

341 2574 471 2651 septem
508 2567 660 2665 scopulis
697 2584 804 2633 zonas
840 2567 985 2632 imitatur
1019 2565 1187 2650 Olympi“,
1221 2568 1271 2632 cui
1297 2543 1453 2633 addimus
1486 2567 1677 2635 Cassio-

341 2691 498 2759 dorum
538 2679 676 2758 var.'lll
715 2693 766 2768 30,
804 2694 832 2768 2,
872 2674 925 2757 ubi
958 2691 1045 2756 idem
1080 2690 1283 2759 laudationis
1317 2693 1414 2758 locus
1447 2691 1550 2776 paulo
1585 2692 1679 2759 aliter

249 2875 251 2879 .
339 2824 511 2884 tractatur:
548 2817 653 2896 „hinc
692 2814 808 2894 Roma,
847 2815 1023 2900 singularis
1060 2823 1185 2900 quanta
1219 2817 1306 2883 inte
1343 2818 1384 2882 sit
1423 2824 1533 2901 potest
1567 2817 1677 2900 colligi

341 2942 547 3026 magnitudo
583 2959 669 3025 quae
700 2941 788 3007 enim
822 2942 952 3007 urbium
984 2940 1105 3009 audeat
1134 2941 1199 3007 tuis
1230 2941 1432 3032 culminibus
1464 2940 1679 3018 contendere,

340 3067 478 3150 quando
505 3086 566 3133 nec
591 3068 658 3133 ima
683 3073 739 3131 tua
764 3061 908 3148 possunt
931 3067 1178 3133 similitudinem
1206 3067 1394 3150 reperire?“

448 3192 680 3258 Aristides
723 3192 810 3256 hanc
853 3189 981 3258 Romae
1024 3190 1155 3256 laudem
1196 3190 1247 3256 lris
1284 3190 1427 3274 denique
1461 3193 1571 3258 verbis
1607 3191 1679 3258 linit

338 3400 452 3465 scriptis
477 3411 533 3450 non
559 3397 655 3451 deesse
682 3397 730 3463 qui
756 3397 907 3462 invenerit,
933 3396 1123 3450 Claudianum
1148 3410 1204 3449 non
1225 3397 1361 3450 Aristidis
1385 3391 1476 3462 ipsius
1499 3398 1676 3449 imitatorem

338 3501 408 3554 esse,
433 3490 481 3541 sed
507 3489 662 3553 utrumque
688 3499 724 3538 ex
748 3487 892 3538 communi
917 3486 996 3539 tonte
1021 3487 1162 3540 rhetorico
1187 3487 1314 3540 hausisse
1336 3487 1517 3540 verisimilius
1542 3499 1602 3540 esse
1622 3485 1676 3539 sibi

427 3578 479 3629 ade
503 3578 535 3630 it.

340 3591 423 3644 persa
447 3663 468 3729 ¹)
483 3578 524 3720 Idi.
543 3665 708 3734 Dionys.
732 3664 785 3716 lla
800 3665 815 3718 l.
837 3664 1036 3730 amplitudinis
1057 3665 1164 3722 Romae
1185 3665 1405 3731 descriptionem
1426 3665 1500 3732 (ant.
1521 3665 1557 3716 lV
1575 3664 1617 3728 13,
1633 3661 1676 3726 4);

325 3756 419 3842 1,,καί
447 3755 476 3818 εἰ
498 3754 556 3836 μὲν
585 3753 631 3828 εἰς
658 3754 760 3818 ταῦτά
789 3777 838 3828 τις
867 3753 950 3836 ὁρῶν
978 3753 1015 3816 τὸ
1041 3754 1182 3836 μέγεθος
1211 3753 1370 3827 ἐξετάζειν
1398 3754 1592 3835 βουλήσεται
1618 3759 1678 3834 τῆς

340 3852 483 3935 Ῥώμης,
503 3852 692 3916 πλανᾶσύαί
707 3851 1026 3936 τ’ἀνογκασύήσεται
1044 3852 1099 3915 καί
1118 3853 1177 3934 οὐχ
1194 3853 1258 3923 ἕξει
1273 3853 1404 3934 βέβαιον
1423 3861 1556 3933 σημεῖον
1572 3850 1675 3925 οὐδέν,

340 3950 613 4034 ᾧὸιαγνώσεται,
638 3951 734 4033 μέχρι
755 3958 820 4012 ποῦ
841 3951 1061 4032 προβαίνουσα
1082 3951 1130 4012 ἔτι
1147 3949 1241 4024 πόλις
1260 3950 1330 4013 ἐστὶ
1349 3950 1404 4012 καὶ
1422 3951 1524 4013 πόύεν
1544 3951 1677 4031 ἄρχεται

338 4047 453 4133 μηκέτ’
475 4047 555 4110 εἶναι
577 4049 680 4121 πόλις.

445 4144 468 4210 2)
493 4146 547 4208 Qui
574 4148 748 4201 laudationis
775 4148 850 4199 locus
880 4146 995 4198 urbium
1023 4147 1159 4199 encomiis
1189 4148 1275 4212 aptus
1300 4145 1414 4200 videtur
1443 4147 1543 4211 tuisse;
1574 4146 1676 4200 laudat

338 4237 414 4290 enim
434 4236 566 4291 similiter
584 4236 628 4288 l·li
644 4250 671 4287 m
683 4235 738 4289 eri
753 4251 793 4289 us
814 4235 1080 4300 Constantinopolis
1101 4236 1323 4302 amplitudinem
1334 4237 1387 4304 (or.
1400 4237 1456 4290 Vll
1468 4231 1510 4296 7):
1530 4226 1621 4288 κενὸν
1640 4226 1677 4290 δὲ

338 4318 444 4399 ἀφῆκε
473 4315 602 4391 πόλεως
633 4315 699 4379 οὐδ’
731 4311 808 4378 ὅσον
839 4316 885 4390 εἰς
913 4316 1052 4398 λαγόνας
1081 4317 1136 4380 καὶ
1165 4317 1223 4398 τὴν
1251 4316 1362 4398 κύκλῳ
1395 4314 1678 4397 περιπτύσσουσαν

285 4427 287 4430 ·
337 4413 434 4490 νῆσον
454 4397 586 4469 ’ἅπασαν
608 4406 782 4488 μερίζεται,
808 4404 877 4468 ἀλλ’
899 4405 1099 4488 ἐποχηύεῖσα
1121 4406 1180 4489 μὲν
1206 4414 1304 4469 πᾶσιν
1333 4405 1491 4487 αἰγιαλοῖς
1518 4404 1573 4467 καὶ
1594 4413 1678 4468 πᾶσι

336 4496 469 4570 πεδίοις,
494 4494 707 4578 ἠπειρώσασα
726 4495 761 4558 δὲ
780 4495 835 4558 καὶ
860 4495 995 4578 αὐτὴν
1018 4495 1096 4577 ἤδη
1120 4496 1197 4579 τὴν
1220 4495 1454 4558 ύάλασσαν
1477 4493 1553 4557 καὶ
1575 4495 1677 4575 βια-

337 4587 505 4668 σαμένη
546 4586 708 4668 μερίδα
748 4584 964 4667 γενέσθαι
1011 4585 1203 4660 πόλεως,
1252 4583 1450 4647 σαλεύουσαν
1488 4582 1583 4664 φύσιν
1619 4583 1677 4646 καὶ
1820 4573 1821 4598 ³

337 4677 478 4739 ἄστατον
500 4675 678 4758 πεπηγέναι
701 4675 886 4755 πεποίηκεν.
