3682 5520
276 581 356 641 „nec
378 561 451 630 lore
476 560 631 648 credebat
655 557 814 638 Romam.
832 577 908 626 cum
935 566 1084 626 maestus
1105 558 1146 625 ab
1169 558 1237 625 alto
1292 634 1293 642 ἵ

321 685 411 756 llion
437 685 592 754 ardentes
616 687 860 769 respiceretque
883 683 978 752 deos.

278 846 441 917 Romulus
465 853 620 915 aeternae
645 845 796 913 nondum
821 845 1025 912 formaverat
1049 844 1139 911 urbis

332 974 477 1052 moenia,
500 952 651 1039 consorti
678 986 747 1037 non
773 969 952 1037 habitanda
972 968 1093 1047 Remo;

171 1115 224 1202 25.
281 1132 340 1220 sed
364 1139 469 1198 tunc
494 1133 677 1215 pascebant
699 1131 846 1198 lrerbosa
871 1129 995 1196 Palatia
1019 1147 1141 1196 vaccae
1228 1205 1232 1220 k

249 1239 251 1246 ¹
331 1265 363 1325 et
385 1257 518 1324 stabant
541 1255 684 1323 humiles
707 1256 739 1322 in
765 1254 851 1322 lovis
875 1273 951 1322 arce
975 1273 1083 1372 casae.

280 1418 363 1485 lacte
387 1416 529 1486 madens
553 1417 615 1483 illic
640 1405 775 1484 suberat
799 1415 868 1483 Pan
893 1417 974 1490 ilicis
999 1417 1137 1484 umbrae

228 1545 229 1548 ’
254 1519 257 1524 ’
333 1549 364 1610 et
387 1542 473 1609 lacta
497 1543 616 1625 agresti
642 1542 751 1627 lignea
774 1541 858 1609 ialce
887 1540 991 1620 Pales,

280 1703 514 1788 pendebatque
537 1703 611 1787 vagi
637 1704 782 1790 pastoris
807 1704 837 1769 in
863 1703 985 1770 arbore
1009 1707 1134 1780 votum,

173 1831 224 1896 30.
336 1828 468 1913 garrula
491 1828 630 1896 silvestri
654 1827 764 1894 fistula
788 1845 884 1895 sacra
908 1827 1008 1908 de0‚.
1045 1843 1047 1848 ·

281 1988 399 2067 fistula,
424 1990 475 2056 cui
500 2006 635 2072 semper
658 1987 819 2056 decrescit
842 1988 1014 2055 arundinis
1038 1988 1139 2056 ordo:
1267 1983 1269 1990 '

335 2133 411 2182 narn
437 2113 587 2181 calamus
612 2131 688 2180 cera
712 2114 856 2197 iungitur
881 2130 987 2197 usque
1011 2115 1131 2182 minor.

196 2240 199 2246 Ι
285 2282 407 2358 atqua
431 2273 563 2341 Velabri
590 2275 682 2358 regio
708 2280 804 2358 patet,
825 2274 871 2339 ire
894 2274 1026 2340 solebat

194 2380 197 2407 ¹
334 2400 474 2482 exiguus
499 2399 594 2481 pulsa
609 2417 678 2499 per
702 2398 787 2464 vada
811 2397 905 2466 linter
928 2417 1024 2482 aqua.

175 2651 227 2720 55.
267 2623 409 2731 carpite
435 2606 531 2726 nunc,
555 2649 648 2727 tauri,
673 2647 714 2714 de
737 2655 866 2731 septem
893 2649 1066 2716 montibus
1089 2650 1211 2717 lrerbas

336 2772 415 2840 dum
442 2773 530 2840 licet:
556 2774 608 2839 iric
632 2787 775 2857 magnae
800 2775 865 2840 iam
891 2773 988 2841 locus
1013 2774 1103 2842 urbis
1127 2775 1212 2841 erit‘·
1562 2781 1671 2894 ruffi

285 2916 431 2983 Maxime
453 2927 566 2983 autem
591 2915 714 2999 dignus
738 2923 796 2994 est,
820 2919 875 3001 qui
901 2918 953 2983 hic
978 2924 1274 2996 commemoretur,
1299 2914 1510 2992 Ovidius,

176 3042 232 3128 qui
259 3049 359 3125 poeta
384 3042 483 3107 etiam
509 3041 616 3126 magis
640 3058 741 3123 quarn
768 3039 962 3125 Propertius
987 3059 1084 3108 usum
1110 3040 1384 3131 comp-arationis,
1408 3057 1509 3124 quam

177 3166 253 3232 item
279 3166 429 3243 vocibus,
452 3183 540 3249 quae
564 3173 642 3232 sunt
665 3173 790 3245 ‚‚nunc“
815 3174 846 3234 et
869 3167 987 3244 „olim‘
1012 3165 1061 3232 vel
1086 3165 1258 3245 similibus
1283 3165 1415 3243 inducit,
1436 3181 1511 3248 per-

177 3290 244 3357 ticit
268 3297 366 3375 atque
391 3290 544 3357 absolvit.
591 3289 695 3357 Cuius
720 3293 799 3358 artis
824 3291 987 3358 nonnulla
1010 3292 1165 3376 exempla
1189 3290 1373 3366 afferimus:

178 3430 300 3499 Ovid.
325 3432 344 3499 l.
369 3432 378 3499 Ι
404 3435 484 3499 243:

285 3557 383 3636 „llic
408 3557 480 3624 ubi
506 3577 623 3624 nunc
647 3557 788 3628 Roma
807 3565 891 3638 est,
915 3558 1077 3626 incaedua
1100 3559 1183 3626 silva
1206 3559 1339 3636 virebat,
1568 3563 1682 3683 πλη

273 3687 276 3691 ’
339 3689 496 3766 tantaque
522 3701 574 3752 res
599 3685 715 3766 paucis
739 3701 866 3769 pascua
890 3684 999 3751 bubus
1024 3693 1101 3752 erat.

287 3807 352 3874 llrx
377 3825 454 3874 mea
477 3807 573 3874 collis
597 3816 676 3886 erat,
700 3827 799 3892 quern
825 3809 946 3892 volgus
971 3809 1108 3875 nomine
1133 3813 1251 3907 nostro

341 3939 520 4017 nuncupat,
544 3933 628 4000 lraec
652 3941 745 4000 aetas
770 3932 1018 4018 ianiculumque
1041 3939 1149 4000 vocat.
1274 4015 1277 4020 ,

181 4054 267 4122 idem
293 4056 312 4122 l.
336 4056 365 4122 V
390 4058 446 4123 93:

275 4178 386 4258 '„llic
419 4180 491 4248 ubi
526 4201 642 4250 nunc
667 4182 802 4252 Roma
835 4191 922 4261 est,
956 4182 1048 4251 orbis
1072 4189 1181 4265 caput,
1210 4182 1313 4249 arbor
1336 4188 1368 4249 et
1391 4183 1514 4249 herbae
1563 4185 1681 4228 ‘'³¹⁶⁰st

341 4313 373 4372 et
397 4324 526 4389 paucae
550 4307 696 4390 pecudes
720 4315 752 4375 et
775 4327 853 4375 casa
880 4327 952 4374 rara
977 4307 1065 4374 luit.“

183 4428 269 4496 idem
293 4429 313 4496 l.
338 4429 359 4497 ll
384 4433 464 4498 280:

1459 4532 1462 4538 ’
1563 4526 1594 4568 cl.
1607 4524 1682 4567 letrll.

290 4553 387 4632 „llic
412 4539 484 4621 ubi
511 4574 626 4622 nunc
652 4557 758 4623 urbs
781 4563 867 4642 est,
892 4564 981 4624 tum
1008 4558 1105 4625 locus
1130 4559 1219 4625 urbis
1243 4565 1341 4625 erat“.
1387 4576 1388 4580 ’
1576 4595 1671 4644 nm.
1766 4583 1768 4591 ·
