3682 5520
337 293 379 359 32

247 607 258 626 .
324 506 484 574 similiter
508 522 527 571 a
552 512 654 590 poeta
677 522 779 572 carm.
825 503 949 572 Anth.
974 502 1058 573 Pal.
1083 502 1125 571 lX
1148 504 1230 571 230:

497 629 551 706 Ἐς
572 631 703 716 καλδνἹ)
727 631 829 696 ὤλετο
852 624 1016 715 πόργοςὸ
1035 629 1169 714 Τρώϊος·
1193 629 1216 712 ἦ
1238 619 1300 712 γάρ
1325 629 1358 694 ἐν
1382 629 1493 703 ὅπλοις

602 757 727 840 ἠγέρθη
747 756 873 838 κόσμου
894 754 1014 830 παντός
1037 757 1163 852 ἄνασσα
1185 755 1287 828 πόλις.

338 880 426 948 ldem
457 853 600 964 denique
619 850 769 964 ⁴apparet
798 897 838 946 ex
867 881 1108 967 epigrammate
1139 877 1298 962 quodam,
1328 878 1360 944 in
1390 894 1460 961 quo
1489 875 1592 950 Troia
1622 877 1669 943 in-

337 1005 466 1073 ducitur
490 1007 573 1072 haec
597 1005 711 1073 dicens
735 1004 873 1088 (Anth.
897 1001 1047 1071 Pal'lll
1074 1004 1166 1089 155):
1282 1053 1285 1058 -

497 1132 562 1216 εἰμί
575 1131 671 1196 πάλιν
684 1132 842 1214 βασίλεια.
877 1132 917 1195 σὺ
935 1129 977 1205 δ’,
999 1130 1026 1194 ὦ
1044 1132 1121 1195 τίκ
1132 1154 1149 1193 ο
1161 1153 1190 1206 ς,
1211 1131 1331 1213 άτρομε
1351 1127 1507 1210 Ῥώμη,

603 1257 702 1338 βάλλε
721 1255 799 1320 καθ’
820 1255 982 1338 Ἑλλήνων
1001 1261 1060 1338 σῆς
1079 1255 1264 1338 ζυγόδεσμα
1282 1255 1383 1337 δίκης.

444 1379 593 1446 Maiores
608 1368 718 1446 autem
735 1377 889 1447 Graecos
912 1378 1015 1447 luisse
1034 1397 1168 1446 summa
1185 1379 1292 1465 gloria
1308 1377 1500 1463 habebatur.
1525 1377 1670 1443 maxime

338 1503 461 1572 scilicet
480 1522 500 1570 a
515 1504 709 1572 rhetoribus
720 1502 859 1571 Graecis
878 1503 932 1589 (ct.
948 1501 1075 1571 Dion.
1090 1503 1179 1570 llal.
1201 1512 1260 1570 art.
1280 1502 1360 1569 rhet.
1375 1504 1404 1580 6,
1424 1503 1445 1568 2
1465 1501 1512 1586 (p.
1529 1503 1603 1579 279,
1617 1502 1669 1584 'i):

338 1631 423 1696 ἰτέον
445 1630 499 1694 οὖν
532 1630 584 1694 ἐπὶ
607 1631 682 1706 τοὺς
709 1631 1012 1713 προγόνους...ὅτι
1043 1628 1228 1713 Ἕλληνες).
1278 1611 1389 1711 ltaque
1415 1624 1672 1710 Dionysius
1703 1693 1706 1698 ,

339 1752 478 1821 llalic.
504 1754 717 1821 historiarum
742 1755 894 1839 scriptor,
928 1761 963 1820 ut
995 1754 1097 1824 decus
1123 1751 1247 1837 urbis2)
1282 1751 1469 1836 amplificet,
1503 1749 1674 1835 praedicat

340 1875 515 1950 Romanos
544 1898 563 1946 a
588 1877 736 1958 Graecis,
767 1896 835 1946 non
868 1897 889 1944 a
912 1878 1061 1946 barbaris
1090 1884 1186 1946 ortos
1216 1894 1290 1946 esse
1321 1877 1402 1962 (ant.
1428 1875 1491 1954 15,
1518 1875 1567 1960 i):
1599 1875 1673 1959 περὶ

336 2005 395 2090 μὲν
417 2012 483 2071 τῶν
506 1984 699 2070 οἰκισάντων
730 2007 788 2090 τὴν
819 2006 923 2079 πόλιν,
957 2007 1081 2084 οἵτινες
1103 2003 1187 2088 1ἦσαν
1277 2003 1345 2080 καὶ·
1363 2003 1429 2068 τίσι
1460 2000 1572 2086 τόχαις
1595 1971 1673 2085 χρη-

338 2131 471 2214 σάμενοι
493 2131 552 2206 τὰς
574 2132 727 2214 πατρίους
751 2131 895 2214 οἰκήσεις
925 2132 1080 2204 ἐξέλιπον,
1116 2131 1149 2194 ἐν
1181 2127 1281 2212 ταύτῃ
1315 2127 1456 2210 δηλώσω
1489 2133 1530 2210 τῇ
1552 2133 1671 2211 γραφῇ,

254 2327 257 2330 ,
337 2255 379 2319 δι’
412 2255 451 2339 ἦς
483 2256 693 2338 Ἕλληνάς
730 2278 774 2319 τε
807 2256 968 2330 αὐτοὺς
1005 2257 1134 2329 όντας
1171 2254 1422 2326 ἐπιδείξειν
1458 2253 1674 2336 ὑπισχνοῦμαι

154 2523 187 2565 De
198 2521 300 2564 mutatio·

165 2593 226 2638 nlbus
240 2592 297 2634 urbis

338 2382 510 2446 καὶούκ
531 2383 580 2478 ἐκ
604 2388 687 2445 τῶν
711 2380 936 2464 ἐλαχίστων
958 2383 979 2463 ἢ
1004 2378 1217 2462 φαυλοτάτων
1248 2379 1377 2442 ἐθνῶν
1401 2376 1672 2460 συνεληλυθότας.

445 2504 510 2572 Sed
535 2506 618 2572 haec
642 2504 836 2589 de‘origine
870 2505 1065 2572 incolarum.
1113 2502 1145 2569 ln
1181 2501 1430 2569 laudationibus
1464 2509 1575 2568 autem
1609 2503 1674 2566 ἀπὸ

337 2632 528 2714 μεταβολῶν
551 2631 649 2696 etiam
677 2629 707 2695 id
731 2628 937 2696 etierendum
963 2645 1038 2696 esse
1063 2627 1248 2695 Menander
1271 2626 1409 2694 adnotat
1432 2625 1576 2710 (111355,
1604 2626 1672 2710 15);

337 2759 358 2839 ἢ
383 2755 552 2839 ἐπηυξήδη
576 2755 776 2838 ἡπόλις...
802 2755 854 2820 20.
890 2755 999 2837 ὥσπερ
1024 2756 1103 2828 ὅσας
1124 2753 1281 2836 πρότερον
1304 2737 1419 2836 κώμας
1443 2755 1542 2827 οὔσας
1558 2752 1675 2826 *πόλεις

249 2893 251 2896 ·
338 2880 539 2963 πεποιήκασι
561 2881 716 2963 βασιλεῖς.
734 2851 862 2961 ‘Quod
878 2883 1112 2962 argumentum
1137 2878 1166 2944 ei
1182 2883 1305 2960 poetae
1328 2882 1360 2943 et
1374 2877 1557 2960 scriptores
1571 2893 1675 2959 saepe

138 3217 141 3224 ·
183 3203 285 3252 antiquae

153 3274 209 3316 urbi·
225 3283 310 3323 compa·

192 3346 274 3389 ratione

340 3011 510 3088 usurpant,
545 3005 666 3089 quiin
703 3003 894 3070 narratione
929 3003 1143 3070 historiarum
1172 3003 1336 3086 originem
1364 3000 1491 3071 Romae
1516 3001 1675 3084 attingen-

153 3132 184 3173 ὓ·
204 3121 311 3174 ΝΜ
339 3131 420 3196 tium
448 3129 715 3213 antiquissimam
741 3134 773 3195 et
797 3145 921 3194 novam
949 3128 1064 3194 urbem
1089 3133 1280 3211 opponunt.
1326 3125 1421 3192 lianc
1445 3133 1557 3192 autem
1581 3142 1678 3223 com-v

340 3253 585 3338 parationem³)
622 3271 643 3319 a
682 3253 800 3337 poetis,
838 3239 892 3337 qui
930 3250 1069 3337 Augusti
1107 3234 1318 3334 temporibus
1354 3251 1529 3329 llorebant,
1568 3249 1674 3317 multo
1754 3313 1756 3316 .

339 3379 448 3463 magis
471 3397 573 3462 quarn
600 3396 618 3444 a
643 3377 889 3462 posterioribus
912 3375 1093 3444 adhibitam
1110 3377 1401 3454 esseinvenimus
1428 3375 1544 3442 nescio
1565 3381 1673 3441 utrum

340 3507 554 3514 ——-.--—-

446 3583 469 3648 ¹)
493 3586 628 3640 Similiter
650 3585 784 3638 Menand.
805 3584 931 3650 111356,
954 3584 999 3638 12:
1024 3573 1110 3638 εἰδὲ
1133 3574 1359 3656 μετῳκισμένη
1384 3573 1435 3654 εἴη
1460 3572 1480 3654 ἡ
1499 3571 1603 3646 πόλις,
1627 3571 1678 3634 δεῖ

340 3689 377 3731 σε
401 3665 570 3740 δεικνύναι,
599 3666 652 3746 ότι
675 3666 713 3728 οὐ
736 3664 821 3728 κατὰ
845 3664 1022 3746 συμφοράς,
1052 3663 1237 3746 ἀλλὰπρὸς
1260 3663 1424 3736 κάλλος
1446 3662 1676 3743 μεταβαλοῦσα

339 3757 395 3820 τόν
412 3756 523 3830 τόπον,
544 3757 594 3819 ότι
612 3755 841 3837 μετοικισμένη
861 3754 981 3835 μείζων
1083 3753 1221 3835 ἐγένετο.

446 3849 469 3917 ²)
490 3855 538 3906 La
551 3855 599 3907 ud
610 3866 647 3908 es
668 3854 783 3906 urbis
814 3853 841 3904 in
871 3851 1097 3918 antiquitatibus
1122 3852 1295 3918 scripturum
1321 3862 1350 3904 se
1369 3861 1428 3904 esse
1449 3848 1474 3900 D
1485 3849 1493 3901 i
1505 3862 1549 3903 on
1563 3849 1674 3918 ysius

340 3945 399 4012 ipse
418 3945 472 3997 hoc
492 3944 587 4010 capite
608 3942 657 4010 (cf.
678 3944 687 3994 l
706 3943 734 4008 3,
754 3942 771 3995 6
789 3932 862 4013 περὶ
880 3932 1007 4006 πόλεως
1025 3930 1141 4013 γράφω
1160 3936 1218 4012 τῆς
1236 3916 1531 4012 περιφανεστάτης)
1551 3937 1676 4011 profert3

340 4034 433 4087 utitur
452 4034 527 4086 enim
548 4033 648 4086 eadem
668 4031 725 4084 iere
742 4031 942 4096 dispositione:
967 4025 992 4091 l)
1011 4029 1080 4096 (15,
1103 4025 1129 4093 l)
1147 4020 1220 4102 περὶ
1234 4019 1293 4102 μὲν
1307 4025 1373 4083 τῶν
1392 4019 1491 4100 οἰκη
1504 4018 1676 4081 σάντων
1696 4031 1697 4036 ’

339 4115 397 4198 τὴν
428 4113 522 4176 πόλιν
554 4117 584 4185 2)
612 4111 686 4194 περὶ
718 4110 753 4174 δέ
782 4117 852 4174 τῶν»
879 4109 1145 4191 πράξεων...
1179 4113 1209 4181 3)
1239 4108 1395 4190 καὶπερὶ
1424 4114 1490 4171 τῶν
1520 4107 1676 4189 ἐπιτη-

339 4201 555 4276 δεύσεων,
592 4223 678 4278 quam
712 4211 839 4263 rhetores
868 4209 1073 4261 commendant
1106 4207 1155 4275 (cl.
1186 4220 1214 4274 p.
1242 4204 1272 4271 5)
1307 4207 1334 4258 in
1365 4207 1483 4260 urbibus
1515 4205 1675 4259 laudandis.

446 4297 469 4364 ³)
490 4300 837 4366 Comparationes
866 4299 904 4352 ab
932 4297 1065 4352 omnibus
1094 4296 1152 4349 iere
1181 4296 1342 4350 rhetoribus
1382 4295 1597 4364 praecipiuntur
1626 4291 1675 4361 (ci.

342 4390 476 4459 Hermog.
498 4403 525 4457 p.
550 4391 590 4456 17,
610 4389 640 4442 2:
669 4379 806 4461 μεγίστη
841 4377 876 4442 δέ
910 4378 942 4442 ἐν
978 4386 1047 4452 τοῖς
1084 4377 1259 4460 ἐγκωμίοις
1295 4377 1423 4460 ἀφορμὴ
1461 4374 1481 4458 ἡ
1515 4375 1578 4438 ἀπὸ
1611 4381 1676 4438 τῶν

340 4470 552 4554 συγκρίσεων,
574 4471 613 4552 ἣν
627 4469 743 4542 τάξεις,
766 4469 811 4542 ὡς
826 4468 864 4530 ἂν
884 4467 902 4530 δ
920 4467 1032 4550 καιρός
1050 4466 1224 4550 ὑφηγῆται,
1246 4475 1376 4529 similiter
1392 4473 1526 4528 Nicotaus
1544 4486 1572 4539 p.
1582 4473 1630 4540 53,
1645 4472 1675 4538 4;

341 4569 428 4623 Cicer.
460 4570 495 4623 de
528 4582 569 4621 or.
603 4568 635 4634 ll,
667 4562 744 4630 348).
806 4568 834 4619 ln
870 4566 1001 4619 laudibus
1036 4567 1134 4618 autem
1168 4565 1283 4618 urbium
1320 4576 1368 4619 eas
1405 4564 1578 4616 exercendas
1616 4573 1675 4616 esse

341 4660 445 4712 docent
464 4658 603 4710 Menan
617 4658 644 4710 d.
671 4655 792 4723 russo,
815 4656 861 4708 12:
882 4645 1049 4728 σύγκρισιν
1073 4645 1195 4729 ἐργάσῃ
1212 4645 1347 4718 πόλεως
1369 4643 1449 4726 πρός
1471 4643 1564 4706 πόλιν
1588 4651 1675 4718 (idem
