3682 5520
1484 347 1503 411 7

173 555 278 635 μαίων
297 555 504 637 οὐρανοπόλει
524 551 761 638 ἀριθμουμένας
778 557 899 631 πόλεις,
920 557 1001 620 ἀλλὰ
1018 566 1121 622 πᾶσαι
1140 558 1175 620 αἱ
1191 557 1275 623 κατὰ
1293 558 1348 622 τὸν
1363 559 1504 622 ἐνιαυτὸν

174 678 287 744 διὰτὸ
310 679 446 761 πλῆθος.

282 799 351 869 Νει
375 803 468 870 aliter
491 821 610 870 vocem
635 806 823 872 tenuiorem
849 821 925 873 esse
949 823 1049 888 quam
1076 812 1111 872 ut
1135 804 1263 876 Rornae
1288 806 1404 874 laudes
1428 817 1506 891 apte

176 935 281 1005 canat,
312 928 501 1023 exprimunt
525 935 555 994 et
580 925 856 1012 Propertius
886 931 916 994 in
942 929 1009 997 line
1033 930 1236 996 celeberrimi
1267 931 1353 998 illius
1378 926 1506 1000 Romae

176 1047 320 1118 encomii
347 1052 398 1118 lib.
424 1051 464 1118 lll
492 1055 517 1128 l,
542 1054 690 1122 57-60:
797 1066 802 1077 ·
1220 1136 1223 1143 Ι

337 1178 494 1256 „moenia
520 1177 673 1262 namque*
691 1179 877 1262 piorconer
900 1178 1082 1263 disponere
1105 1171 1217 1248 versu:
1305 1231 1307 1235 .

389 1302 417 1368 ei
443 1285 524 1368 mibi
548 1301 641 1386 quod
666 1309 785 1370 nostro
810 1310 859 1370 est
884 1315 1054 1387 parvus
1077 1306 1109 1370 in
1134 1285 1212 1372 ore
1236 1305 1399 1372 sonus!

335 1426 394 1496 sed
415 1434 526 1493 tamen
553 1427 721 1512 exiguo
745 1426 987 1513 quodcumque
1011 1446 1030 1495 e
1055 1436 1190 1524 pectore
1216 1429 1284 1520 rivi

340 1537 343 1544 “
389 1552 527 1630 iluxerit,
552 1553 768 1637 lrocpatriae
792 1554 912 1620 serviet
935 1571 1039 1620 omne
1064 1559 1191 1632 meae“‚

177 1683 209 1745 et
238 1676 451 1785 Panegyr.
483 1676 567 1744 Lat.
591 1675 645 1744 xli
674 1681 699 1756 l,
723 1680 762 1744 3:
800 1678 920 1756 „...de
955 1685 1150 1764 recuperata
1183 1679 1265 1746 urbe
1298 1678 1509 1762 imperioque

178 1802 389 1874 Romano...
418 1803 545 1887 etipse
571 1801 691 1886 aliquid
721 1820 863 1870 coner
891 1802 1047 1890 ellari,
1076 1811 1110 1870 ut
1134 1805 1217 1871 inter
1240 1808 1353 1871 tantos
1377 1805 1510 1872 sonitus

177 1901 377 1996 disertorum
403 1946 497 1994 mea
522 1920 659 2014 quoque
683 1944 769 1994 vox
795 1928 948 1995 tenuis
972 1928 1126 1996 exaudita
1150 1928 1330 1996 videatur“.
1371 1927 1511 1996 Similes

177 2055 320 2138 denique
335 2061 414 2122 sunt
427 2054 458 2120 bi
476 2060 652 2137 poetarum
668 2054 938 2138 scriptorumque
953 2053 1034 2121 loci:
1065 2052 1116 2120 Pa
1127 2073 1146 2120 n
1157 2067 1263 2139 egyr.
1280 2051 1360 2120 Lat.
1380 2052 1420 2119 lV
1432 2055 1462 2131 3,
1474 2055 1509 2120 3;

180 2179 318 2264 „Quid
346 2179 527 2263 dignum
558 2177 877 2261 magnitudine
904 2183 979 2245 tua
1007 2179 1068 2264 (sc.
1094 2177 1237 2264 Romae)
1267 2175 1446 2261 excogitari
1472 2193 1511 2266 ac

178 2305 240 2373 dici
266 2311 385 2390 potest,
410 2305 441 2372 in
462 2305 556 2370 cuius
581 2302 734 2370 laudibus
754 2302 786 2369 id
806 2305 990 2370 maximum
1012 2321 1081 2371 non
1106 2301 1157 2370 est
1180 2303 1274 2387 quod
1298 2304 1330 2370 in
1350 2310 1512 2370 terrarum

179 2433 263 2500 orbe
288 2430 482 2530 primarium
508 2427 601 2496 est?“
617 2427 643 2513 1)
689 2426 925 2495 Claudian.
951 2425 1074 2494 Stilicb.
1099 2427 1133 2495 lll
1161 2430 1347 2495 tsi-433:
1373 2425 1513 2512 (Roma)

394 2573 480 2640 „qua
505 2554 584 2620 nihil
609 2554 641 2620 in
666 2555 761 2622 terris
785 2553 1018 2638 complectitur
1042 2553 1139 2624 altius
1163 2553 1286 2631 aether,

393 2681 488 2748 cuius
512 2697 574 2747 nec
597 2681 742 2763 spatium
767 2678 858 2746 visus
883 2697 944 2745 nec
969 2677 1073 2745 corda
1097 2678 1254 2745 decorem

394 2821 472 2872 nec
503 2805 680 2872 laudern
712 2817 797 2872 vox
828 2804 920 2870 ulla
949 2801 1142 2887 capit‘l).

181 2932 367 3015 Dionys.
393 2930 482 2998 nar.
516 2931 615 3014 antiq.
648 2910 744 2999 Rom.
780 2907 852 3006 1'2,
889 2931 922 2994 r:
957 2929 994 2993 ιι
1026 2929 1145 3002 lailot
1173 2936 1239 2993 τοι
1270 2927 1419 3010 πράξεων
1452 2926 1514 3010 (sc.

182 3056 325 3142 Romae)
355 3057 393 3132 ἃς
422 3059 541 3121 οὔπω
570 3057 830 3138 κεκόσμηκε
859 3055 992 3138 λόγος
1021 3053 1290 3132 οὐδεὶςάξίως
1317 3051 1415 3135 ..8).

288 3199 352 3268 Sed
378 3199 542 3266 hactenus
566 3198 607 3265 de
631 3196 760 3266 Romae
786 3196 1015 3264 laudationum
1042 3196 1237 3280 prooemiis.

181 3347 392 3356 ------—--u—

187 3446 331 3500 lulian.
356 3457 396 3497 or.
423 3443 527 3497 1414
557 3441 618 3510 (ubi
644 3441 797 3494 Antiochia
826 3435 1035 3506 praedicaturi:
1072 3425 1219 3512 ,λιμένας
1251 3426 1433 3508 ....στοὰς
1461 3425 1516 3489 καὶ

181 3526 360 3610 κρήνας..
354 3524 441 3598 ..τίς
471 3525 509 3586 ἂν
539 3520 820 3603 ἀπαριάμησαιτο;
850 3519 1075 3601 ἐπιλείψει
1104 3541 1154 3600 με
1182 3516 1307 3582 τούτων
1336 3517 1472 3580 ἕκαστον
1499 3515 1518 3578 ὁ

182 3622 339 3708 χρόνος
368 3621 657 3704 διηγούμενον..

250 3733 251 3738 ’
291 3720 314 3783 ¹)
343 3721 379 3774 ci.
400 3720 583 3774 Cassiod.
608 3730 669 3771 var.
696 3717 802 3781 Vllti,
828 3715 845 3768 3
883 3715 939 3784 (ed.
964 3715 1135 3780 Mommsen,
1164 3710 1293 3766 bionum.
1326 3711 1420 3766 Germ.
1449 3712 1517 3765 nist.

183 3814 260 3865 auct.
290 3811 443 3879 antiquiss
473 3812 543 3864 tom
566 3808 625 3872 Xll
657 3802 942 3870 Berol.1894l,ubi
968 3805 1063 3872 agitur
1095 3806 1128 3857 de
1155 3804 1237 3856 laude
1262 3815 1354 3870 aquae
1380 3801 1517 3870 Virginis:

187 3900 277 3967 „Quis
308 3899 398 3967 possit
425 3898 495 3952 talia
523 3895 784 3966 sermonibus
813 3895 978 3947 idoneis
1009 3889 1270 3959 explicare?“

289 3986 313 4052 ²)
342 3988 572 4057 Magnitudinem
602 3985 679 4038 urbis
709 3985 850 4036 neminem
882 3973 982 4047 ἀξίως
1011 3983 1175 4049 praedicare
1202 3994 1284 4047 posse
1311 3979 1520 4034 Himerius

185 4093 298 4147 quoque
324 4078 467 4146 eloquitur
494 4078 521 4129 in
549 4076 631 4129 laude
653 4072 917 4139 Constantinopolis
941 4073 995 4139 (or.
1015 4073 1041 4137 7,
1061 4068 1103 4134 ll:
1130 4061 1173 4124 Τὸ
1197 4061 1232 4125 δὲ
1256 4061 1312 4124 σὸν
1334 4061 1477 4142 μέγεθος
1499 4060 1520 4140 ἢ

184 4159 301 4232 κάλλος
328 4158 377 4233 τίς
402 4159 440 4220 ἂν
463 4159 483 4239 ἢ
507 4156 640 4238 μεγέθει
669 4155 776 4237 λόγων
799 4155 819 4235 ἢ
844 4153 955 4216 κάλλει
984 4150 1095 4216 κατὰ
1124 4152 1199 4234 τὴν
1229 4149 1356 4223 ἀξίαν
1386 4147 1522 4231 ἀμνή·

186 4271 285 4320 σειεν;
320 4260 348 4310 et
380 4260 484 4309 auct.
513 4255 593 4309 urb.
624 4253 840 4306 Constant
871 4265 937 4304 nov
969 4251 1051 4308 Rom.
1081 4249 1170 4317 praei.
1200 4248 1325 4316 (p.133‚
1353 4248 1384 4301 14
1417 4247 1521 4303 Riese

186 4361 279 4416 geogr.
300 4346 350 4399 lat.
328 4340 492 4410 tmin.):,
497 4344 676 4410 ,admirantis
694 4342 798 4396 intent
793 4354 857 4393 10..
870 4339 1087 4406 amplitudine
1108 4341 1206 4392 tantae
1226 4338 1334 4391 felicita
1337 4337 1373 4391 tis
1393 4335 1522 4390 attonita

186 4436 295 4490 latetur
323 4435 417 4488 huic
447 4434 536 4488 urbi
567 4445 635 4486 nec
665 4432 824 4484 laudem
853 4429 1058 4483 sulficere
1087 4441 1156 4480 nec
1186 4423 1388 4480 amoremf‘

292 4520 316 4587 8)
345 4523 564 4578 distraho
586 4522 671 4587 Vll,
694 4519 796 4588 l(vol.
818 4519 826 4569 l
832 4532 885 4585 ‚,p
905 4519 969 4586 457,
997 4513 1184 4583 3Kramer);
1215 4517 1262 4583 qui
1296 4514 1410 4568 ltaliam
1438 4512 1524 4566 effert

188 4616 263 4668 hisce
290 4613 398 4667 verbis:
427 4604 505 4684 ὕλης
532 4603 569 4666 τὲ
596 4600 652 4665 καί
685 4606 807 4718 τροφῆς
836 4598 1021 4681 ἀνθρώποις
1052 4620 1088 4661 τε
1117 4597 1172 4660 καὶ
1204 4596 1409 4679 βοσκημασιν
1438 4591 1522 4657 οὐδ’

190 4703 327 4777 ἀξίως
361 4701 488 4765 ἔστὶν
521 4701 666 4764 εἰπεῖν
689 4697 746 4780 τὴν
770 4695 938 4779 ἀφθονίαν.
