3664 5512
328 317 371 382 88

328 527 496 596 cotidiana
531 529 767 620 exercitatione
810 527 945 595 assidua
988 527 1062 594 belli
1106 526 1288 593 meditatio.
1336 528 1490 611 itaque
1533 526 1664 610 plura

312 671 472 745 paene
508 629 713 720 moribus
751 641 1088 737 quamviiibus
1120 628 1361 737 vicimus1),
1399 669 1475 718 cum
1514 653 1664 736 captivae

329 794 467 864 quoque
491 785 606 846 sancte
630 779 846 856 habebantur,
870 785 902 844 et
925 778 1130 845 contumelia
1153 778 1251 843 etiam
1278 778 1368 879 hosti
1391 768 1536 854 aberatl

435 921 562 988 Virtute
586 939 666 989 vero
691 894 815 999 bellica,
842 935 910 988 non
935 911 1053 986 divitiis
1078 919 1254 989 Romanos
1287 933 1432 1004 magnos
1457 937 1532 986 esse
1555 919 1666 988 iactos

330 1047 571 1114 Ammianus
590 1046 770 1114 Marcell.
789 1045 863 1114 xlv
878 1050 907 1124 6,
928 1049 968 1114 10
987 1045 1111 1112 laudat:
1133 1046 1399 1129 „ignorantes„.
1418 1045 1565 1112 maiores
1581 1063 1666 1112 suos

331 1190 390 1256 per
413 1189 503 1255 quos
522 1173 564 1238 ita
589 1170 786 1256 magnitudo
807 1168 960 1240 Romana
985 1171 1172 1256 porrigitur,
1197 1187 1266 1236 non
1287 1169 1405 1236 divitiis
1428 1170 1581 1248 eluxisse,
1606 1169 1665 1238 sed

331 1315 391 1381 per
414 1296 499 1364 bella
523 1297 728 1375 saevissima,
762 1314 824 1363 nec
848 1296 971 1379 opibus
1001 1313 1061 1361 nec
1084 1296 1170 1361 victu
1206 1313 1268 1362 nec
1292 1294 1568 1363 indumentorum
1599 1295 1666 1361 vili-

330 1407 396 1489 tate
421 1421 578 1507 gregariis
603 1421 760 1489 militibus
789 1419 1026 1522 discrepantes
1051 1420 1213 1503 opposita
1243 1425 1362 1486 cuncta
1394 1399 1574 1503 superasse
1605 1420 1665 1485 vir-

330 1548 458 1632 tute2).“
474 1545 643 1614 Similiter
658 1546 692 1611 lll
703 1564 721 1612 e
733 1545 740 1613 l
753 1547 760 1611 i
773 1566 793 1612 n
806 1561 860 1612 no
875 1545 1102 1613 fortitudinem
1119 1527 1257 1613 militum
1277 1543 1510 1614 Romanorum
1528 1562 1665 1611 causam

332 1672 501 1758 potentiae
526 1688 600 1738 esse
626 1671 677 1738 liis
700 1671 851 1739 versibus
875 1671 976 1736 canit:

445 1807 448 1812 '
495 1799 543 1863 17.
565 1795 587 1880 ἦ
610 1797 672 1881 γὰρ
697 1797 734 1861 ἐκ
758 1796 887 1860 πάντων
911 1797 951 1860 σὺ
973 1795 1057 1879 μόνα
1080 1783 1273 1885 κρατίστους

567 1923 682 2006 ἄνδρας
707 1921 866 2005 αἰχματὰς
888 1919 1050 2004 μεγάλους
1073 1921 1228 2004 λοχεύεις,
1359 1887 1363 1898 »

568 2049 725 2129 εὔσιαχυν
746 2047 920 2130 Δάματρος
943 2029 1032 2121 Ιὅπως
1056 2045 1168 2111 ἀνεῖσα

707 2170 830 2255 καρπὸν
854 2169 910 2233 ἀπ’
935 2169 1071 2255 ἀνὸρῶν,

334 2314 488 2381 addimus
513 2314 655 2412 denique
679 2311 930 2396 Sulpiciam
955 2314 1013 2379 20:

648 2439 743 2520 „duo
767 2444 845 2505 sunt
868 2437 989 2521 quibus
1013 2438 1128 2530 extulit
1151 2440 1269 2523 ingens

443 2563 550 2634 Roma
574 2571 687 2648 caput:
712 2564 815 2630 virtus
840 2561 913 2629 belli
939 2569 971 2628 et
994 2563 1159 2647 sapientia
1184 2563 1302 2645 pactsf·
1361 2593 1364 2599 ·

440 2707 635 2774 Accuratius
668 2711 778 2773 autem
814 2706 858 2772 rei
893 2705 1041 2772 militaris
1072 2703 1306 2774 Romanorum
1340 2705 1456 2774 laudes
1489 2711 1672 2772 tractantur

319 2829 352 2904 ,a
377 2832 525 2916 losepbo
549 2838 581 2899 et
604 2831 754 2899 Aristide.
802 2829 960 2914 Quorum
996 2837 1134 2914 uterque
1167 2829 1263 2908 idem,
1282 2829 1389 2915 .qu0d
1423 2829 1669 2920 Quintilianum

253 3050 254 3054 Ἴ
334 2963 552 3042 personatum
588 2957 606 3025 l.
630 2947 659 3022 c.
701 2957 753 3022 bis
785 2957 894 3023 verbis
935 2955 1122 3034 „cotidiana
1156 2956 1392 3022 exercitatione
1425 2954 1561 3022 assidua
1595 2955 1670 3021 belli

334 3083 524 3150 meditatio“
558 3083 737 3166 protulisse
769 3081 921 3161 vidimus,
955 3080 1131 3165 praedicat.
1182 3079 1267 3146 Dicit
1309 3081 1398 3147 enim
1442 3079 1672 3163 losephus

335 3209 408 3276 bell.
434 3207 499 3274 lud.
524 3207 557 3274 Ill
583 3210 639 3274 72:
674 3209 711 3271 οὐ
743 3193 805 3292 γὰρ
841 3207 949 3281 αὐτοῖς
983 3204 1065 3290 ἀρχὴ
1099 3213 1164 3270 τῶν
1197 3205 1305 3269 ὅπλων
1337 3204 1490 3288 πόλεμος,
1526 3205 1593 3270 οὐδ’
1619 3203 1671 3270 ἐπὶ

333 3333 433 3418 μόνος
456 3334 514 3408 τὰς
536 3331 646 3418 χρείας
670 3333 717 3397 τὼ
736 3341 823 3417 χεῖρε
847 3338 988 3396 κινοῦσιν
1007 3332 1040 3396 ἐν
1059 3331 1167 3415 εἰρήνῃ
1186 3331 1441 3414 προηργηκότες,
1467 3329 1537 3393 ἀλλ’
1559 3333 1670 3414 ὥσπερ

335 3441 580 3542 συμπεφυκότες
613 3468 680 3534 τοῖς
713 3458 824 3532 ὅπλοις
848 3457 1002 3522 οὐδέποτε
1030 3464 1088 3540 τῆς
1112 3455 1284 3539 ἀσκήσεως
1307 3455 1525 3539 λαμβάνουσιν
1549 3457 1671 3540 ἐκεχει-
1744 3449 1746 3455 ’

334 3581 404 3668 ρίαν
426 3583 501 3648 ὀὐδὲ
526 3581 735 3674 ἀναμένουσιν
768 3583 842 3658 τοὺς
871 3581 1011 3666 καιρούς.
1061 3582 1111 3646 73.
1145 3581 1180 3645 αἱ
1209 3580 1341 3664 μελέται
1374 3580 1402 3644 δ’
1437 3583 1546 3656 αὐτοῖς
1580 3581 1672 3645 οὐδὲν

335 3715 393 3791 τῆς
415 3707 500 3774 κατὰ
524 3707 679 3792 ἀλήθειαν
702 3707 845 3782 εὐτονίας
869 3705 1072 3800 ἀποδέουσιν,
1107 3705 1177 3769 ἀλλ’
1212 3709 1349 3782 ἕκαστος
1382 3706 1540 3790 ὁσημέραι
1574 3727 1671 3788 στρα-

335 3827 455 3917 τιώτης
486 3833 574 3917 πάσῃ
606 3830 772 3922 προθυμίᾳ
802 3833 952 3916 καθάπερ
983 3833 1015 3896 ἒν
1047 3831 1180 3915 πολέμῳ
1209 3833 1415 3915 γυμνάζεται.
1462 3830 1513 3896 Ab
1546 3829 1670 3897 eodem

443 4034 465 4102 1)
495 4038 579 4106 Apud
610 4039 769 4091 Florum
804 4025 877 4105 113,
897 4038 933 4092 23
960 4038 1081 4090 similem
1101 4037 1247 4092 ,victoriae
1277 4050 1393 4090 causam
1422 4038 1556 4107 legimus:
1587 4031 1671 4104 ,'‚quis

331 4142 402 4198 ,ergo
431 4128 551 4202 miretur
579 4127 635 4181 eis
665 4127 864 4194 moribu8‚
893 4141 926 4179 ea
955 4127 1064 4181 virtute
1094 4126 1220 4179 militum
1248 4126 1449 4180 victorem
1478 4127 1672 4194 populum

313 4214 748 4276 ·Romanumfuisse?“
1510 4205 1514 4216 “

365 4351 367 4354 .
444 4303 467 4370 ²)
488 4306 621 4360 conferas
643 4320 756 4375 quoque
776 4306 849 4359 hanc
869 4297 1044 4359 sententiam
1064 4305 1195 4374 Augus
1209 4305 1287 4358 tini
1308 4305 1362 4360 civ.
1383 4305 1428 4357 dei
1449 4307 1474 4358 V
1492 4305 1522 4358 12
1547 4306 1587 4373 (p.
1608 4291 1673 4372 215,

340 4399 380 4453 15.
409 4391 577 4459 Dombart):
612 4394 726 4463 „Nolite
759 4396 925 4449 existimare
960 4395 1079 4448 maiores
1110 4396 1222 4448 nostros
1256 4395 1341 4447 armis
1375 4409 1433 4446 rem
1468 4395 1611 4463 publicam
1636 4407 1674 4447 ex

338 4500 427 4555 parva
448 4499 581 4554 magnam
601 4485 699 4539 iecisse
716 4528 769 4540 ...
792 4485 846 4538 alia
866 4484 943 4537 luere
967 4498 1038 4552 quae
1059 4485 1119 4537 illos
1140 4496 1256 4553 magnos
1277 4484 1377 4551 iecere,
1399 4498 1471 4552 quae
1492 4485 1573 4538 nobis
1594 4485 1673 4538 nulla

337 4577 419 4629 sunt:
453 4562 530 4629 domi
561 4575 712 4641 industria,
740 4574 808 4629 ioris
842 4575 949 4627 iustum
983 4573 1143 4641 imperium,
1178 4574 1289 4626 animus
1323 4574 1351 4625 in
1385 4574 1558 4627 consulendo
1591 4574 1684 4642 liber,

338 4678 429 4733 neque
453 4665 558 4718 delicto
584 4678 676 4734 neque
702 4663 812 4718 libidini
837 4660 1008 4717 obnoxius.“
