3682 5520
1439 297 1482 361 69

149 512 244 594 quasi
277 511 568 580 constructis
599 492 875 592 montibusl)
909 493 1143 592 perducuntur,
1174 493 1341 576 naturales
1365 507 1483 594 credas¹

151 635 268 702 alveos
312 622 478 701 soliditate
520 651 692 711 saxorum,
739 633 876 716 quando
922 638 1033 698 tantus
1076 633 1228 714 impetus¹
1254 631 1401 698 fluminis
1433 639 1484 724 tot
1584 679 1586 685 ‚

92 766 96 772 '
149 740 298 828 saeculis
322 759 460 826 tirmiter
488 759 595 841 potuit
626 760 791 825 sustineri.
900 761 929 823 3.
950 755 1180 840 Respiciamus
1209 764 1295 824 certe
1320 775 1481 840 aquarum
1522 734 1525 738 ⁵

150 887 250 969 copia
270 891 430 968 quantum
450 883 611 953 Romanis
627 884 807 950 moenibus
827 857 973 966 praestat
990 889 1157 948 ornatum.
1178 895 1255 947 nam
1277 882 1481 956 thermarum

150 1008 204 1092 illa
225 1009 436 1094 pulchritudo
456 997 534 1092 quid
555 1016 651 1086 esset,
670 1009 697 1074 si
719 1007 910 1104 dulcissima
930 1006 1096 1091 quaedam
1113 1023 1264 1089 aequora
1289 1023 1359 1077 non
1379 1007 1486 1092 babo,

151 1133 243 1200 ret?“
292 1133 448 1217 Sequenti
484 1151 621 1216 quoque
646 1133 870 1216 paragrapho,
904 1147 969 1215 qua
994 1149 1103 1215 aquae
1139 1130 1243 1216 Virgo
1279 1139 1310 1198 et
1345 1131 1484 1217 Claudia

151 1259 368 1349 celebrantur,
402 1257 588 1324 rb'etoricus
612 1258 710 1324 color
739 1259 823 1323 inest
851 1256 919 1341 (Vll
943 1260 975 1334 b,
997 1257 1048 1341 3):
1081 1257 1205 1336 „currit
1234 1275 1320 1341 aqna
1345 1258 1484 1342 Virgo

150 1386 212 1451 sub
246 1384 466 1452 delectatione
500 1385 687 1468 purissima,
714 1376 808 1468 'quae
837 1382 913 1448 ideo
938 1383 985 1446 sic
1014 1383 1180 1465 appellata
1209 1380 1358 1459 creditur,
1392 1382 1483 1465 quod

152 1510 249 1575 nullis
286 1510 444 1576 sordibus
486 1510 717 1593 polluatur2l..
743 1528 818 1574 nam
860 1526 936 1573 cum
975 1507 1059 1574 aliae
1096 1507 1281 1590 pluviarum
1318 1502 1508 1581 nimietate

150 1639 281 1701 terrena
306 1636 547 1702 commixtione
572 1629 745 1714 violentur,
770 1635 853 1702 baec
878 1651 988 1699 aerem
1015 1639 1173 1716 perpetue
1198 1651 1354 1698 serenum
1380 1634 1485 1716 puris

151 1759 236 1825 sime
261 1759 377 1827 labens
402 1758 491 1827 unda
507 1761 670 1825 mentitur.
700 1760 774 1842 quis
790 1759 900 1842 possit
915 1727 991 1869 talila
1006 1757 1223 1824 sermonibus
1238 1737 1369 1824 idoneis
1385 1757 1486 1841 expli.

152 1882 282 1968 care?³)
305 1889 334 1950 4.
346 1883 565 1951 ¹Claudiam
588 1904 647 1967 per
670 1891 795 1950 tantam
818 1884 937 1967 lastigii
961 1877 1086 1948 molem
1099 1884 1146 1948 sic
1162 1883 1203 1948 ad
1215 1882 1367 1948 Aventini
1384 1890 1485 1966 caput
1517 1931 1518 1939 ,

152 2005 228 2080 esse
266 2009 468 2092 perductam,
509 2017 542 2075 ut
577 1999 652 2074 cum
689 2009 730 2074 ibi
767 2027 807 2074 ex
840 2008 908 2074 alto
943 2007 1037 2090 lapsa
1071 2007 1231 2084 ceciderit,
1270 1979 1484 2088 cacumen

153 2133 265 2199 illud
305 2134 535 2200 excelsum
579 2135 673 2218 quasi
713 2135 813 2198 imam
853 2133 971 2198 vallem
997 2133 1208 2216 ¹irrigare
1234 2133 1486 2219 praemortui.

152 2257 307 2325 Menand.
322 2259 396 2335 352,
410 2260 452 2325 26
476 2259 558 2324 εἰδὲ
577 2261 759 2345 εὔυδρος
780 2259 820 2342 (ἡ
840 2230 1024 2341 ἀκρόπολίς,
1045 2259 1146 2343 ἐρεῖς)
1168 2260 1217 2322 ὅτι
1245 2259 1330 2322 καὶ.
1345 2259 1485 2344 ὑψηλὴ

152 2384 262 2448 οὖσα
283 2385 364 2468 πρὸς
386 2385 495 2468 χρείαν
519 2385 605 2448 ἐστὶν
630 2383 815 2466 αὐτάρκης).
920 2415 922 2420 ·

260 2542 483 2626 Sequentibus
502 2543 621 2611 deinde
640 2545 750 2609 verbis
761 2543 990 2609 Cassiodorus
1011 2544 1076 2609 tros
1096 2544 1324 2627 aquaeductus
1344 2550 1486 2613 verbose
1535 2634 1536 2637 Ἴ

152 2686 229 2734 cum
251 2667 359 2766 Nilo4)
377 2670 561 2752 componit,
579 2668 669 2752 quod
685 2669 810 2734 flumen
830 2669 1013 2734 secundum
1032 2668 1203 2734 rhetorum
1219 2675 1405 2752 praecepta,
1417 2687 1486 2752 quo

154 2793 264 2860 maior
292 2794 332 2858 sit
365 2793 437 2859 laus
461 2792 605 2876 Virginis
638 2802 670 2859 et
698 2793 866 2871 Claudiae,
899 2795 1070 2876 vituperat,
1103 2793 1195 2876 quod
1229 2795 1326 2859 certis
1358 2800 1485 2860 tantum

152 2917 363 2999 temporibus
393 2935 480 3000 aqua
510 2918 663 2994 abundet,
694 2936 771 2983 cum
797 2917 936 2982 Claudia
962 2917 1115 2986 Romana
1140 2935 1275 3001 semper
1305 2915 1336 2984 et
1366 2936 1487 3001 aequa·

154 3042 226 3108 liter
249 3041 338 3108 lluat.

262 3183 312 3249 Ab
346 3185 467 3251 eodem
504 3183 582 3251 loco
618 3184 760 3252 utilitatis
795 3187 892 3252 etiam
919 3183 1097 3250 Plinius
1127 3203 1234 3268 aquas
1263 3187 1353 3252 urbis
1377 3186 1488 3254 laudat

154 3306 280 3393 (XXXl
304 3311 378 3394 41):
412 3308 625 3388 „Clarissima
656 3328 819 3392 aquarum
852 3311 1005 3377 omnium
1032 3311 1062 3375 in
1088 3316 1163 3376 toto
1188 3312 1270 3377 orbe
1294 3310 1488 3394 trigoris

155 3433 549 3518 salubritatisque
588 3435 734 3517 palma
778 3435 963 3518 praeconio
998 3434 1098 3526 urbis
1139 3407 1264 3502 lllarcia
1306 3427 1368 3512 est,
1406 3437 1489 3502 lnter

156 3559 283 3642 reliqua
307 3559 405 3625 deum
433 3578 572 3626 munera
598 3559 667 3624 urbi
693 3528 843 3635 tributa“,
874 3567 905 3624 et
930 3560 1064 3625 uberius
1093 3537 1180 3626 aeris
1208 3562 1486 3643 temperationem

157 3691 189 3750 et
209 3684 434 3750 salubritatem
461 3684 512 3749 bis
536 3684 799 3767 aquaeductibus
824 3684 967 3750 debitam
994 3685 1138 3750 celebrat
1158 3683 1357 3753 Rutilius
1377 3685 1385 3751 l
1410 3688 1486 3752 105:

366 3803 544 3892 ,Frigidus
568 3810 711 3875 aestivas
736 3808 812 3873 lrinc
834 3814 999 3891 temperat
1023 3808 1144 3874 balitus
1168 3827 1267 3876 auras

380 3997 383 4002 .
479 3935 729 4016 innocuamque
754 3933 839 4000 levat
863 3934 978 4016 purior
1003 3933 1091 3998 unda
1115 3935 1232 4000 sitlmt

241 4067 243 4076 ’
268 4075 340 4143 Una
361 4095 436 4144 cum
458 4078 509 4144 bis
529 4077 791 4160 aquaeductibus
815 4077 910 4141 vias
935 4082 1107 4143 stratas
1131 4083 1163 4142 et
1186 4077 1375 4144 cloacas
1399 4078 1489 4145 urbis

159 4203 373 4218 ...ιαμ-..ψ

268 4282 291 4348 ¹)
313 4285 448 4339 Similiter
471 4286 596 4344 Rutilius
620 4288 640 4352 1,
661 4287 703 4339 99.

267 4370 290 4439 2)
316 4375 393 4428 llaec
413 4377 457 4430 est
477 4377 537 4429 laus
557 4375 727 4429 scholastica
749 4389 765 4427 a
785 4375 898 4428 nomine
919 4377 1036 4443 sumpta
1056 4373 1104 4441 (ci.
1127 4375 1200 4440 p.2b
1211 4371 1276 4440 sq).

264 4465 279 4498 =³
315 4465 351 4518 cf.
394 4508 398 4519 .
420 4468 445 4518 7.
1160 4481 1163 4487 ·

251 4459 291 4616 '⁴3
311 4479 463 4621 mqupamm
484 4556 587 4607 ductus
608 4555 719 4622 saepius
741 4553 874 4606 videntur
895 4567 959 4606 curn
976 4553 1041 4607 Nilo
1060 4552 1211 4620 compositi
1232 4565 1304 4606 esse:
1325 4551 1395 4604 dicit
1415 4553 1491 4620 eninr

161 4643 257 4705 Cicero
278 4644 312 4696 de
333 4644 385 4719 leg.
411 4644 434 4696 ll
459 4645 531 4710 1,2:
554 4645 676 4710 „ductus
697 4656 848 4718 aquarum,
869 4656 939 4710 quos
960 4643 1007 4696 isti
1028 4642 1142 4696 Nilos
1163 4643 1192 4694 et
1213 4642 1333 4712 Euripos
1354 4637 1490 4727 uocantst
