3664 5512
323 311 365 376 92

323 522 475 589 culorum
510 530 654 600 ventum,
693 528 727 588 ut
758 523 790 588 in
825 522 911 589 hanc
944 523 1216 607 magnitudinem,
1254 541 1340 609 quae
1378 525 1430 590 vix
1463 525 1653 600 sustinetur,

322 648 409 732 erigi
427 648 602 730 imperium
628 648 780 730 posset!“
831 647 943 714 Flor.
969 647 978 713 l
1012 651 1060 726 18,
1084 650 1119 714 2:
1156 647 1263 727 ,adeo
1288 648 1419 715 difficile
1443 649 1551 715 fuerat
1573 647 1653 714 dare

324 772 432 840 ltaliae
457 777 584 883 capuf.“

430 911 591 980 Omnium
622 915 732 980 autem
764 913 915 992 cladium,
946 916 1067 998 quibus
1092 914 1325 986 Romanorum
1355 916 1489 985 animus
1516 915 1655 982 invictus

324 1040 491 1123 virtusque
524 1037 651 1105 stabilis
684 1037 814 1106 elucere
848 1045 987 1122 poterat,
1021 1041 1187 1110 maximae
1208 1047 1309 1107 erant
1341 1057 1410 1118 eae,
1446 1058 1532 1124 quae
1566 1040 1655 1106 bello

322 1162 507 1241 Senonum,
532 1163 655 1247 Pyrrhi,
681 1162 877 1230 Hannibalis
901 1171 1059 1249 acceptae
1083 1172 1185 1232 erant.
1228 1163 1295 1248 Qui
1320 1165 1506 1250 gravissimi
1534 1163 1656 1234 Roma-

324 1306 445 1357 norum
467 1289 583 1358 hostes
602 1307 678 1356 cum
695 1291 727 1355 in
743 1288 881 1356 scholae
902 1288 1203 1357 declamationibus
1222 1307 1387 1375 persaepe
1407 1289 1656 1372 occurrerint1)‚

323 1415 364 1482 ad
403 1414 518 1484 laudes
556 1432 694 1499 quoque
724 1414 957 1489 Romanorum
1001 1409 1259 1499 nonnumquam
1293 1423 1497 1500 usurpantur
1529 1415 1570 1480 ab
1608 1415 1657 1480 eis

322 1539 586 1623 scriptoribus²)‚
619 1540 674 1623 qui
701 1537 877 1608 Romanos
911 1538 1007 1605 nullis
1040 1541 1175 1608 casibus
1203 1541 1287 1607 vinci
1321 1557 1424 1623 posse
1456 1537 1657 1623 praedicant,
1817 1589 1818 1596 1

322 1664 372 1731 uel
411 1667 453 1732 ab
490 1661 685 1732 auctoribus
723 1664 971 1742 recentioribus,
1013 1665 1067 1748 qui
1114 1683 1209 1743 „cum
1251 1665 1448 1748 plerumque
1486 1664 1659 1731 videantur

323 1788 530 1873 respondere
552 1789 662 1855 futura
687 1789 889 1872 praeteritis“
915 1788 1068 1873 (Quintil.
1092 1789 1165 1856 insf.
1185 1806 1234 1857 or.
1254 1787 1288 1855 lif
1309 1791 1338 1867 8,
1362 1792 1429 1873 db),
1455 1790 1538 1856 haec
1563 1788 1657 1883 bella,

323 1916 444 1998 quibus
460 1914 734 1997 periculosissimi
751 1913 868 1980 hostes
882 1914 1029 1997 superati
1044 1915 1117 1992 sint,
1132 1921 1443 1981 commemorantes
1460 1913 1658 1996 aequalibus

323 2039 393 2105 suis
418 2045 448 2106 et
471 2040 597 2106 civibus
622 2039 712 2107 urbis
736 2037 921 2105 delabentis
945 2039 1080 2106 animos
1104 2037 1227 2105 addere
1251 2037 1429 2123 studento.

429 2242 452 2309 ¹)
481 2245 650 2298 Hannibalis
674 2248 755 2314 gesta
779 2246 807 2297 in
832 2246 979 2299 rhetorum
1003 2245 1259 2300 exercitationibus
1283 2259 1366 2314 saepe
1391 2246 1548 2298 decantata
1572 2243 1660 2297 fuisse
1739 2307 1746 2326 ,

323 2338 444 2403 apparet
463 2348 498 2388 ex
516 2335 560 2388 his
580 2336 708 2389 versibus
729 2335 941 2388 luvenalis
962 2349 985 2389 c.
1005 2337 1032 2402 7,
1060 2335 1125 2388 160:

965 2425 1065 2491 „cuius
1087 2424 1156 2477 mihi
1171 2425 1255 2476 sexta

537 2526 652 2581 quaque
672 2513 716 2566 die
732 2514 867 2567 miserum
883 2514 961 2566 dirus
977 2516 1065 2580 caput
1081 2513 1225 2566 Hannibal
1246 2513 1356 2581 implet,

539 2603 680 2671 quidquid
704 2603 732 2655 id
756 2604 809 2669 est,
838 2605 872 2657 de
898 2617 954 2670 quo
978 2603 1128 2670 deliberat,
1158 2617 1194 2654 an
1220 2604 1303 2669 petat
1327 2602 1428 2656 urbem

536 2706 552 2744 a
578 2692 690 2758 Cannis
715 2705 751 2744 an
777 2694 842 2759 post
867 2693 978 2745 nimbos
1002 2694 1032 2745 et
1056 2693 1178 2746 fulmina
1203 2695 1305 2746 cautus

434 2806 436 2814 ι
538 2781 715 2850 circumagat
739 2781 869 2833 madidas
894 2795 910 2834 a
931 2783 1105 2849 tempestate
1126 2778 1286 2836 cohortes“

431 2866 453 2934 2)
479 2871 711 2925 Commemorant
739 2872 808 2924 baec
835 2870 1031 2929 Romanorum
1060 2871 1184 2940 pericula
1214 2869 1362 2939 Vergil.
1393 2870 1464 2941 Aen,
1489 2870 1562 2922 Vlll
1591 2866 1661 2936 6553

325 2960 461 3014 Horat.
487 2972 510 3014 c.
537 2962 629 3027 1116,
659 2960 695 3015 35
722 2973 779 3027 sq.;
811 2961 992 3028 Propert.
1029 2961 1120 3026 1113,
1154 2961 1202 3026 41;
1232 2960 1427 3012 Manilius
1466 2960 1662 3028 1785sqq.;

324 3050 361 3102 lV
379 3049 414 3102 37
434 3063 492 3118 sq.;
519 3050 685 3122 Statius
705 3050 769 3103 silv.
791 3051 799 3102 l
819 3050 845 3115 4,
865 3050 911 3104 87.

430 3135 452 3202 ³)
482 3139 616 3192 conferas
644 3152 749 3205 quaeso
779 3138 996 3207 symmach.
1026 3152 1069 3206 ep.
1099 3138 1125 3189 X
1145 3139 1171 3205 3,
1200 3139 1230 3204 9;
1263 3138 1475 3191 claudian.
1509 3137 1582 3190 ond.
1611 3137 1662 3203 833

327 3228 376 3282 125
396 3241 453 3295 sq.;
484 3228 721 3296 Eutrop.1463;
752 3227 777 3280 b.
808 3228 893 3282 Goth.
922 3228 986 3294 125;
1014 3228 1083 3293 386;
1115 3227 1225 3282 Stilich.
1256 3228 1297 3280 lll
1330 3227 1394 3292 144;
1424 3227 1661 3295 Hieronym.

323 3301 406 3386 epist.
431 3317 490 3384 123,
524 3318 569 3384 163
601 3317 726 3375 nutri.
758 3317 840 3372 1125
859 3331 917 3384 sq.;
953 3318 1141 3370 prudent.
1162 3317 1189 3369 in
1218 3317 1326 3386 Symm.
1357 3318 1382 3369 u
1408 3316 1463 3372 556
1482 3331 1563 3384 sqq.;
1594 3317 1663 3381 oso

331 3406 462 3460 Sidon.
484 3407 615 3474 Apoll.
635 3419 659 3460 c.
679 3409 706 3472 5,
726 3405 762 3460 80
781 3420 859 3474 sqq,
880 3408 905 3472 7,
930 3406 980 3458 127
999 3420 1061 3474 sqq.

431 3497 539 3549 Eadem
559 3509 642 3563 saepe
664 3497 697 3548 de
718 3509 803 3548 causa
827 3497 856 3548 fn
877 3479 983 3549 talibus
1007 3494 1272 3549 enumerationibus
1298 3494 1443 3548 factorum
1469 3509 1485 3546 a
1506 3495 1663 3547 maioribus

325 3585 394 3638 bene
422 3587 568 3654 gestorum
597 3586 685 3639 etiam
708 3585 852 3652 Scipiones
873 3586 918 3639 vel
938 3585 984 3636 alii
1005 3585 1058 3639 viri
1083 3587 1116 3638 de
1141 3598 1169 3636 re
1190 3584 1304 3651 publica
1335 3585 1405 3637 bene
1436 3585 1531 3636 meriti
1561 3583 1664 3651 (Decii,

325 3674 462 3727 Horatius
478 3674 584 3741 Cocles,
604 3674 715 3727 Mucius
734 3675 880 3741 Scaevola,
900 3671 1019 3738 similes)
1034 3674 1212 3740 afferuntur;
1231 3687 1299 3726 nam
1316 3673 1664 3741 „magnusverecundiae

322 3764 458 3817 stimulus
483 3765 526 3816 est
551 3766 611 3816 laus
637 3766 800 3832 parentum,
825 3766 894 3818 dum
914 3765 967 3817 illis
987 3777 1043 3816 non
1065 3763 1219 3832 patiuntur
1238 3777 1296 3816 esse
1318 3764 1445 3831 impares.
1464 3777 1534 3830 quos
1559 3764 1664 3830 gaude-

324 3849 406 3906 mus“
437 3852 628 3920 (Cassiod.
651 3866 710 3907 var.
732 3853 772 3906 lX
791 3854 837 3918 22,
856 3851 900 3919 3);
929 3853 1020 3906 simile
1050 3855 1236 3921 praeceptum
1264 3853 1364 3906 exstat
1392 3853 1420 3905 in
1451 3851 1665 3920 excerptis

323 3944 422 3996 rhet.
443 3943 483 4010 (p.
504 3943 568 4008 587,
588 3938 649 4005 27):
672 3943 976 4009 „Laudamus'etiam
1005 3943 1084 4008 illud,
1113 3942 1134 3994 si
1164 3955 1197 3994 ea
1230 3941 1334 3995 civitas
1362 3941 1498 3995 babuerit
1528 3941 1666 4008 plurimos

325 4031 433 4085 nobiles
453 4031 539 4098 virm,
561 4042 683 4099 quorum
705 4033 793 4100 gloria
814 4034 905 4084 lucem
926 4031 1062 4099 praebeat
1082 4027 1241 4085 universis“
1268 4031 1317 4099 (cf.
1339 4030 1397 4085 Cic.
1418 4033 1451 4084 de
1473 4029 1546 4084 orat.
1568 4031 1600 4096 ll,
1620 4031 1667 4096 82,

323 4116 390 4183 335)
417 4121 447 4174 et
474 4121 552 4189 apud
581 4119 893 4182 Quintilianum
922 4121 989 4173 inst.
1019 4129 1059 4174 or.
1090 4120 1247 4186 1117,10:
1279 4121 1420 4187 „maiores
1528 4120 1667 4172 humilius

323 4223 411 4280 genus
439 4210 606 4263 inlustrasse
635 4207 740 4263 factis“
771 4210 818 4277 (cf.
851 4210 1019 4278 Hieronym.
1047 4224 1090 4277 ep.
1118 4210 1163 4277 60,
1192 4210 1218 4275 8,
1250 4207 1284 4273 1).
1323 4211 1406 4263 Tales
1436 4211 1536 4262 autem
1567 4211 1667 4263 laudes

326 4300 500 4366 Scipionum,
528 4298 693 4368 Deciorum,
725 4298 834 4368 Reguli,
864 4299 985 4366 Camilli,
1011 4300 1146 4366 Marcelli,
1174 4298 1292 4352 Catonis
1318 4300 1440 4352 aliorum
1461 4299 1599 4368 originem
1620 4300 1670 4353 de-

322 4389 521 4443 clamatoriam
541 4389 645 4442 habere
666 4391 760 4442 elucet
780 4404 815 4442 ex
833 4390 888 4455 his,
909 4402 983 4457 quae
1003 4389 1076 4441 citat
1097 4390 1214 4442 Peterus
1241 4381 1293 4442 l.c.'
1315 4389 1381 4455 129,
1403 4389 1497 4442 verbis
1518 4388 1672 4442 Cicero-

323 4479 381 4532 nis
402 4479 435 4530 de
456 4478 506 4531 off.
528 4480 537 4531 l
561 4479 601 4546 18,
623 4479 671 4532 61;
694 4479 746 4545 „in
769 4479 911 4545 laudibus
934 4492 1006 4546 quae
1025 4492 1128 4548 magno
1144 4479 1240 4531 animo
1260 4479 1289 4531 et
1305 4477 1420 4531 fortiter
1436 4479 1669 4546 excellenterque

324 4570 404 4637 gesta
422 4569 527 4620 sunt..
547 4568 614 4620 hinc
635 4569 787 4621 rhetorum
807 4582 985 4636 campus
1003 4568 1109 4634 Cocles,
1126 4610 1150 4622 ..
1169 4567 1248 4620 Decii
1266 4609 1291 4622 ..
1310 4567 1360 4621 Cn.
1385 4569 1414 4620 et
1433 4569 1463 4620 Ρ.
1483 4567 1672 4634 Scipiones„

264 4642 267 4648 ’
322 4658 480 4724 Marcellus,
500 4657 725 4710 innumerabiles
755 4655 821 4710 alii“
851 4657 899 4724 (cf.
921 4656 1009 4710 etiam
1033 4657 1128 4710 Senec.
1154 4659 1246 4710 contr.
1270 4656 1296 4707 X
1316 4657 1344 4723 2,
1363 4657 1395 4722 3;
1420 4656 1460 4709 1)(
1481 4658 1507 4723 2,
1528 4657 1558 4722 9;
1583 4657 1672 4725 epist.
