3682 5520
1390 280 1394 288 “
1474 299 1512 370 17

290 471 555 599 Nonnumquam
594 499 759 582 Tiberis
795 516 894 582 etiam
941 522 1113 583 sanctus
1147 517 1351 601 appellatur:
1391 517 1514 584 Antb.
1557 496 1560 506 ¹

185 638 267 706 Pal.
293 638 334 722 lX
358 642 440 707 352:
1095 725 1098 731 Ι

288 764 404 840 Νεῖλος
428 765 573 850 ἑορτάζει
595 765 682 877 ααρὰ
705 764 864 850 Θύβριδος
889 765 1006 849 ἱερὸν
1020 767 1127 850 ιὕδωρ.

185 907 446 974 Martini-lv
470 911 522 986 64,
547 910 609 975 2³:

485 1061 487 1066 ¹
698 1049 991 1117 „sacrumque

506 1157 626 1242 lapsae¹
645 1160 705 1242 per
727 1155 1011 1226 Tiberimvolent
1034 1158 1194 1225 carinae‘.

186 1297 342 1385 paneg.
365 1299 450 1368 rat.
471 1299 525 1368 xn
555 1303 604 1380 m,
625 1303 659 1368 r:
690 1301 875 1380 „sancte
893 1300 1078 1386 Thybris),
1107 1292 1243 1386 (Vergil.
1262 1301 1344 1368 nen.
1365 1299 1431 1367 unt
1455 1264 1514 1368 m:
1699 1384 1702 1389 ,
1730 1324 1733 1331 ·
1830 1287 1831 1290 ‘

293 1425 485 1503 „caeruleus
507 1423 658 1509 Thybris,
686 1427 817 1494 caelo
847 1427 1148 1512 gratissimus
1175 1426 1327 1511 amnis⁴¹).

295 1566 448 1652 Denique
482 1569 533 1636 bic
568 1569 709 1637 breviter
741 1561 1174 1652 admonemus'Tiberim
1209 1587 1312 1654 saepe
1337 1570 1517 1637 bumana
1649 1562 1651 1568 ’

186 1711 323 1777 quoque
356 1695 511 1778 specie
544 1693 693 1761 indutum
720 1712 804 1789 esse,
836 1712 937 1779 quam
973 1694 1267 1779 prosopopoeiam
1302 1712 1322 1761 a
1351 1694 1450 1778 poesi
1484 1693 1516 1760 in

186 1818 339 1888 scholam
365 1817 639 1887 declamatoriam
664 1821 824 1887 transisse
849 1827 989 1904 apparet
1011 1818 1251 1887 exlsidoro
1275 1818 1316 1886 de
1332 1819 1413 1887 rhet.
1432 1819 1517 1903 13²).

187 1941 294 2026 Atque
319 1944 361 2009 ab
385 1951 493 2012 aetate
517 1943 707 2030 Vergili,
740 1945 795 2028 qui
821 1945 948 2030 primus
972 1943 1116 2011 Tiberim
1143 1950 1270 2029 patrem
1296 1943 1529 2041 harundinem.

188 2068 274 2134 circa
298 2075 397 2152 caput
420 2075 604 2152 gestantem
626 2069 751 2136 inducit
771 2070 867 2154 (Aen.
889 2067 1040 2154 Villam:
1061 2069 1160 2149 „crini
1183 2043 1365 2136 sumbrosa
1387 2069 1520 2153 tegebat

188 2192 351 2270 aru·ndo“‚
367 2200 401 2260 ut
416 2211 485 2262 non
501 2193 609 2261 dicam
635 2193 676 2262 de
691 2194 752 2272 nis,
771 2211 860 2279 quos
879 2193 1059 2278 Vergilium
1077 2195 1187 2278 ipsum
1209 2194 1327 2262 imitari
1343 2191 1519 2261 verisimile

189 2324 246 2396 est,
270 2318 506 2401 scriptoribus:
546 2317 670 2386 Ovid.
699 2319 720 2386 l.
743 2317 772 2385 V
796 2320 877 2387 ⁶37:

244 2437 247 2442 ’
298 2440 460 2526 „Thybris
485 2409 711 2510 arundiierum
737 2437 851 2511 medio
876 2429 1114 2528 caput'extulit
1137 2444 1266 2512 alveo.“
1392 2477 1394 2482 ·

190 2583 425 2653 Claudian.
452 2584 551 2653 Prob.
576 2593 609 2653 et
632 2583 747 2670 Olybr.
772 2603 844 2654 cos.
870 2588 952 2654 217:

299 2711 438 2796 „vertice
462 2711 604 2786 luxuriat
626 2718 700 2780 loto
725 2710 857 2804 crinalis
881 2709 1067 2780 harundo.“

191 2851 319 2922 Rulli.
345 2852 354 2919 l
382 2854 438 2920 isi
455 2879 462 2919 :

243 2962 250 2975 ⁴
299 2976 392 3063 „lpse
415 2979 606 3062 triumphali
632 2978 803 3046 redimitus
826 2979 989 3046 arundine
1008 2977 1147 3045 Tibris.“

189 3118 508 3204 Sidonnpoll.
535 3123 723 3199 c.2,333:
763 3172 765 3176 .

294 3241 298 3251 '
405 3250 578 3325 „currebat
600 3246 721 3313 fluvius
746 3245 896 3314 residens
920 3253 952 3313 et
976 3244 1170 3322 harundinis
1194 3245 1279 3312 altae

301 3429 302 3432 ,
337 3394 340 3400 ’
406 3372 572 3438 concolor
593 3372 624 3436 in
645 3370 737 3438 viridi
761 3371 911 3438 fluitabat
925 3372 1015 3439 silva
1039 3369 1192 3453 capillo“.

196 3513 282 3580 banc
327 3515 623 3598 prosopopoeiam
665 3515 771 3597 patris
809 3511 952 3580 Tiberini
995 3518 1062 3580 tam
1105 3530 1208 3596 saepe
1248 3514 1435 3580 invenimus
1468 3510 1523 3596 (cl.

192 3635 332 3706 Ovidi.
357 3636 386 3704 V
410 3640 493 3717 635;
526 3657 621 3707 cons.
647 3636 687 3704 ad
713 3636 778 3704 Liv.
805 3638 885 3704 221:
914 3638 1006 3721 „ipse
1031 3644 1125 3722 pater
1146 3637 1285 3704 flavis
1309 3634 1523 3713 Tiberinus“;

138 3864 141 3871 Ι
192 3761 365 3830 Claudian.
401 3760 500 3831 Prob.
534 3769 566 3830 el
598 3760 712 3846 Olybr.
748 3780 809 3830 cos
841 3764 922 3830 209:
958 3760 1152 3841 „Tiberinus
1176 3763 1208 3828 in
1233 3763 1335 3828 antris
1364 3761 1523 3839 sedens“;

298 4001 321 4070 ¹)
352 4006 442 4060 Simili
476 4007 606 4073 epitheto
635 4005 788 4060 Maeander
821 4005 929 4058 flumen
963 4006 1082 4059 ornatur
1111 4017 1127 4056 a
1159 4003 1286 4057 Dione
1316 4003 1456 4072 Chrys.
1484 4017 1525 4057 or.

195 4093 310 4197 XXllV
354 4096 405 4150 15:
454 4085 640 4170 Μαίανδρος
673 4086 767 4150 ’πολὺ
807 4085 936 4150 πάντων
981 4093 1137 4167 ποταμῶν
1183 4084 1425 4182 θειότατος
1471 4082 1526 4170 οιαὶ

193 4197 395 4257 σοφωτατος.

299 4304 323 4372 ⁸)
351 4322 380 4377 p.
394 4309 459 4376 514,
479 4309 515 4363 24
530 4306 673 4377 (Halm):
705 4309 935 4376 „Prosopopoeia
963 4310 1017 4376 est,
1045 4321 1110 4360 cum
1138 4287 1336 4360 inanimalium
1355 4309 1387 4361 et
1405 4319 1527 4373 persona

194 4401 222 4452 et
241 4412 334 4454 sermo
353 4398 474 4468 tingitur
583 4399 627 4452 Sic
646 4400 675 4451 et
696 4401 807 4452 montes
828 4400 856 4451 et
875 4397 1050 4450 flumina
1075 4397 1120 4450 vel
1140 4397 1255 4450 arbores
1276 4397 1424 4464 loquentes
1444 4396 1527 4450 indu-

194 4488 295 4554 cimus,
324 4499 477 4554 personam
506 4489 676 4555 inponentes
706 4488 755 4553 rei,
785 4499 858 4554 quae
885 4499 941 4540 non
965 4487 1053 4540 babet
1072 4488 1207 4539 naturam
1229 4485 1363 4553 loquendi
1383 4484 1526 4553 (similiter

194 4579 281 4630 etiam
312 4575 504 4646 Hermogenes
525 4577 572 4644 20,
585 4577 632 4643 ll;
652 4576 758 4644 Aquila
779 4576 862 4634 Rom.
881 4575 898 4629 3
914 4574 955 4642 (p.
974 4575 1020 4641 23,
1043 4575 1080 4629 22
1100 4571 1224 4641 Halm.);
1256 4574 1391 4628 Priscian.
1411 4586 1527 4641 praeex.

195 4666 267 4720 rhet.
286 4666 323 4720 at
341 4666 418 4733 (558,
441 4662 526 4729 lli).
1454 4661 1456 4666 ’

1397 4747 1419 4806 '2
