3682 5520
1469 324 1512 388 49

177 533 221 618 (p.
241 531 292 611 93,
318 533 388 615 22):
415 531 494 599 ὥστ’
520 533 619 610 εἴτις
642 531 740 618 αὐτὴν
766 529 939 619 (Ῥώμην)
965 535 1132 618 ἐθελήσειε
1155 537 1311 619 καθαρῶς
1334 537 1511 610 ἀναπτύξαι

176 659 231 722 καί
254 659 312 733 τὰς
334 666 387 722 νῦν
410 659 593 742 μετεώρους
616 660 725 734 πόλεις
750 661 802 724 ἐπὶ
825 667 885 743 γῆς
909 661 1034 744 ἐρείσας
1062 662 1167 724 θεῖναι
1190 662 1289 743 ἄλλην
1311 663 1377 744 παρ’
1400 663 1509 745 ἄλλην,

177 786 252 848 ὅσον
275 791 328 848 νῦν
358 781 500 858 Ἰταλίας
532 785 695 848 διαλεῖπόν
728 785 826 859 ἐστιν,
860 785 1133 868 ἀναπληρωθῆναι
1164 793 1260 852 τοῦτο
1291 795 1355 851 πᾶν
1387 790 1425 850 ἄν
1456 811 1512 870 μοι

176 909 267 990 δοκεῖ
288 910 342 972 καὶ
366 911 520 992 γενέσθαι
541 910 634 986 πόλις
658 912 793 993 συνεχὴς
815 912 874 993 μία
898 911 950 974 ἐπὶ
973 911 1028 975 τδν
1046 909 1157 975 Ἰόνιον
1173 913 1331 975 τείνουσα.
1368 909 1509 979 Romam

177 1040 287 1100 autem
307 1039 374 1098 tam
400 1034 547 1117 amplam
564 1051 647 1111 esse,
673 1041 707 1100 ut
726 1053 766 1100 ex
782 1035 1012 1118 compluribus
1029 1035 1165 1102 urbibus
1180 1042 1337 1102 constare
1354 1035 1512 1113 videatur,
1624 1041 1626 1048 ’
1728 1037 1735 1048 ’

176 1139 339 1224 Sententia
362 1165 412 1225 est
435 1177 536 1242 quam
563 1160 593 1224 in
620 1160 749 1230 urbium
777 1161 941 1248 encomiis
965 1159 1214 1226 declamatoriis
1239 1161 1392 1226 usitatam
1408 1160 1512 1228 luisse

136 1345 138 1350 .
177 1289 316 1367 apparet
339 1302 380 1350 ex
399 1284 562 1350 similibus
582 1283 862 1368 descriptionibus
883 1284 1032 1350 eiusdem
1054 1275 1206 1361 rhetoris,
1229 1323 1265 1330 -
1297 1284 1350 1351 bic
1369 1285 1456 1351 enim
1480 1285 1511 1350 in
1585 1275 1589 1283 ’

177 1410 332 1480 oratione
350 1391 424 1492 περὶ
443 1411 592 1492 ὁμονοίας
612 1417 681 1484 ταῖς
699 1411 831 1474 πόλεσιν
852 1411 1008 1492 inscripta
1028 1409 1092 1494 (01.
1110 1407 1209 1476 XXlll
1225 1411 1272 1484 13,
1295 1407 1390 1476 l<elt
1415 1411 1511 1488 1898)

177 1534 404 1618 magnitudine
432 1536 518 1602 arcis
553 1533 779 1619 Pergamenae
810 1534 942 1604 laudata
967 1536 1085 1602 urbem
1111 1534 1199 1600 illam
1226 1533 1402 1617 praedicat,
1426 1551 1513 1616 quae

177 1660 271 1742 quasi
295 1678 346 1736 ,ex
370 1659 482 1726 multis
515 1659 587 1726 aliis
621 1661 759 1727 urbibus
792 1661 986 1743 composita
1019 1660 1094 1744 sit1)
1128 1697 1168 1706 -
1203 1666 1235 1725 et
1267 1657 1513 1726 Ciceronis

177 1801 226 1852 or.
251 1783 341 1850 Verr.
366 1782 407 1849 lV
433 1787 504 1862 118,
529 1786 583 1852 ubi
607 1784 794 1868 Syracusae
819 1785 996 1851 laudantur
1019 1785 1070 1850 bis
1095 1785 1217 1851 verbis:
1252 1781 1318 1862 „Ea
1349 1789 1440 1878 tanta
1463 1789 1513 1850 est

178 1910 266 1987 urbs,
290 1917 325 1975 ut
348 1928 388 1976 ex
412 1916 571 1993 quattuor
595 1911 731 1978 urbibus
756 1911 910 1979 maximis
934 1916 1090 1977 constare
1114 1883 1269 1975 dicatur.“¹
1306 1907 1358 1974 De
1383 1905 1511 1977 Romae

178 2041 287 2100 autem
320 2034 536 2118 amplitudine
562 2034 647 2101 idem
674 2042 907 2128 argumentum
933 2011 1076 2118 legimus
1100 2033 1188 2117 apud
1214 2033 1513 2110 Athenaeum,
1596 2043 1598 2050 ’

177 2161 232 2242 qui
257 2161 534 2245 scriptor-urbem
556 2161 699 2226 celebrat
718 2160 743 2244 (l
763 2159 868 2244 203):
893 2163 981 2244 λέγει
1003 2161 1038 2226 δὲ
1062 2161 1118 2224 καὶ
1139 2163 1192 2224 ’ὅτι
1220 2160 1280 2224 οὐκ
1304 2160 1341 2222 ἄν
1365 2181 1413 2233 τις
1437 2181 1512 2222 σκο-

175 2285 366 2368 ποῦπόρρω
381 2285 522 2358 τοξεύων
536 2288 626 2370 λέγοι
640 2287 697 2369 την
714 2285 845 2372 Ῥωμην
867 2287 997 2352 πόλιν
1021 2286 1238 2368 ἐπιτομὴν
1262 2289 1338 2365 τῆς
1361 2285 1513 2348 οἰκου-
1551 2270 1552 2274 ¹

176 2413 319 2494 μένης·
355 2413 395 2475 ἐν
419 2412 440 2495 ᾗ
464 2413 660 2484 συνιδεῖν
684 2412 807 2475 ἔστιν
839 2413 944 2485 οὕτως
975 2412 1118 2484 πάσας
1151 2409 1406 2484 τὰ’ςπόλεις
1431 2409 1513 2491 ἱδρυ-
1570 2407 1573 2415 ’

176 2538 283 2618 μένας,
313 2537 368 2600 καί
392 2533 465 2600 κατ>
491 2538 572 2600 ἰδίαν
595 2537 630 2600 δέ
655 2537 712 2611 τὰς
734 2537 866 2610 πολλάς,
898 2537 943 2611 ὡς
967 2534 1199 2617 Ἀλεξανδρέων
1221 2513 1279 2618 μὲν
1303 2536 1360 2618 τὴν
1383 2541 1513 2617 χρυσῆν,

179 2661 365 2744 Ἀντιοχέων
397 2663 432 2726 δὲ
464 2664 522 2746 τὴν
546 2661 657 2745 καλήν,
687 2661 901 2744 Νικομηδέων
933 2662 968 2725 δέ
1002 2662 1059 2745 την
1091 2661 1279 2743 περικαλλῆ,
1312 2661 1447 2740 προσέτι
1478 2681 1513 2722 τε

181 2789 259 2870 ,μὴν
283 2787 510 2869 λαμπροτάτην
532 2789 659 2850 πόλεων
682 2795 796 2851 πασῶν
816 2787 938 2861 ὁπόσας
954 2786 1065 2860 ὁΖεδς
1089 2785 1289 2866 ἀναφαίνει“,
1305 2785 1363 2859 τὰς
1378 2781 1514 2867 Ἀθήνας
1540 2814 1541 2817 ’

177 2913 275 2996 λέγω.
311 2913 469 2976 ἐπιλείποι
501 2910 529 2975 δ’
563 2915 601 2974 ἄν
629 2937 670 2994 με
703 2913 762 2994 οὐχ
795 2913 900 2994 ῆμέρα
931 2912 989 2991 μία
1013 2909 1285 2998 ἐξαριθμούμενον
1317 2909 1375 2983 τὰς
1408 2910 1441 2973 ἐν
1473 2915 1514 2990 τῇ

178 3035 353 3120 Ῥωμαίων
376 3038 585 3130 οὐρανοπόλει
608 3035 847 3119 ἀριθμουμένας
868 3037 980 3109 πόλεις
992 3084 998 3096 .
1009 3061 1041 3096 ·..
1067 3035 1198 3118 καὶγὰρ
1215 3036 1274 3123 ὅλα
1289 3035 1367 3117 ἔθνη
1383 3033 1514 3116 ἀθρόως
1607 3101 1608 3106 ,

178 3163 294 3227 αὐτόθι
326 3163 534 3246 συνῴκισται,
569 3163 614 3237 ὡς
646 3162 683 3226 τό
710 3161 941 3225 Καππαδοκῶν
965 3161 1020 3224 καί
1041 3143 1184 3224 Σκυθῶν
1207 3159 1262 3224 καὶ
1283 3158 1435 3258 Ποντίων
1458 3158 1514 3222 καὶ

177 3287 284 3352 ἄλλων
306 3289 473 3352 πλειόνων.

161 3459 165 3466 “
278 3447 368 3538 Ωαο
401 3448 442 3516 de
471 3447 767 3531 „compendio
802 3447 949 3513 totius
980 3445 1184 3530 mundio)
1214 3445 1365 3512 similiter
1401 3444 1516 3512 dicunt

180 3594 392 3602 --—-——--.-..

285 3645 311 3729 1)
330 3655 417 3709 Arist.
436 3653 541 3706 XXlll
558 3653 604 3707 13:
618 3644 716 3725 φαίης
730 3645 768 3706 ἄν
783 3644 865 3724 ἄστη
882 3640 986 3740 πολλὰ
1001 3642 1199 3706 συνελθόντα
1213 3643 1258 3718 εἰς
1272 3637 1389 3707 ταύτόν
1403 3640 1512 3706 οἰκεῖν.

285 3776 308 3842 2)
339 3780 434 3832 Etiam
457 3779 612 3846 Babylonis
643 3779 812 3846 magnitudo
842 3778 894 3828 lrac
925 3777 1145 3845 exaggeratione
1170 3777 1312 3830 rhetorica
1334 3776 1451 3830 laudata
1471 3779 1514 3830 est

178 3883 194 3921 a
222 3871 391 3922 Philone
419 3869 587 3937 Byzant.
613 3870 646 3920 de
666 3870 740 3933 sept.
761 3867 821 3919 orb.
842 3867 1004 3933 spectant>
1028 3865 1068 3932 (p.
1093 3864 1124 3919 18
1150 3866 1234 3920 Orelli
1259 3860 1353 3926 1816l:
1378 3856 1515 3938 ἡπόλις

255 3950 391 4031 λέληθεν
425 3950 457 4012 ἐν
482 3949 562 4030 αὐτῇ
594 3949 670 4030 τὴν
703 3939 976 4028 οἰκουμένην
1009 3947 1406 4009 κατακεκλεικυῑα·
1456 3944 1514 4007 To-

179 4045 295 4102 σαῦται
317 4038 470 4120 μυριάδες
494 4035 676 4119 ἀνθρώπων
709 4035 764 4100 τόν
785 4037 859 4100 όλον
884 4036 982 4116 αὐτῆς
1007 4033 1125 4099 κύκλον
1150 4042 1367 4110 κατοικοῦσιν.
1418 4043 1515 4096 Liceat

179 4150 263 4204 porro
293 4138 337 4189 lric
367 4135 468 4192 afferre
498 4137 608 4189 dictum
640 4135 816 4204 Francogalli
844 4133 1175 4198 Montclrretien‚
1202 4131 1300 4186 Traitd
1328 4133 1514 4186 d'Eeonomie

179 4227 320 4294 potitique
340 4221 447 4293 (1615),
466 4227 557 4293 (quod
577 4225 650 4278 citat
670 4223 713 4278 W.
736 4224 935 4287 Rosclrer,
958 4223 1035 4290 Syst.
1055 4223 1083 4276 d.
1100 4223 1315 4278 Volkswirtsclr.
1336 4221 1400 4274 lll²
1423 4218 1515 4286 1881),

178 4329 207 4383 p.
227 4315 273 4381 38,
291 4315 322 4368 8:
355 4315 453 4380 „Paris
483 4327 533 4381 pas
562 4327 617 4366 une
647 4313 704 4366 cite
732 4314 803 4371 mais
833 4326 887 4365 une
916 4313 1031 4390 nation;
1060 4324 1110 4378 pas
1132 4325 1187 4364 une
1207 4312 1307 4364 nation
1338 4312 1435 4364 mais
1468 4325 1513 4363 un

179 4401 348 4458 monde‘-‘
370 4406 399 4458 et
423 4403 559 4468 Rielrl,
587 4404 666 4455 Land
688 4404 746 4455 und
768 4403 887 4466 Leute⁵‚
917 4415 944 4466 p.
968 4401 1031 4454 122:
1064 4400 1135 4467 „Die
1162 4403 1315 4454 modemen
1340 4400 1514 4474 Grossstddte

178 4473 250 4549 sind
273 4493 318 4546 die
347 4493 465 4561 riesigen
497 4491 844 4560 Encytrlopauren
875 4490 923 4571 (ct.
954 4490 1060 4543 Atlrcn.
1087 4490 1103 4544 l.
1128 4503 1152 4543 c.
1178 4480 1352 4563 ἐπιτομήν)
1389 4491 1436 4542 der
1465 4489 1516 4540 all-

145 4646 147 4654 s
179 4584 326 4652 gemeinen
348 4578 558 4646 Civilisation“,
579 4581 682 4649 quibus
703 4580 796 4634 verbis
817 4580 920 4645 elucet,
942 4591 1028 4646 quam
1050 4579 1106 4632 late
1126 4580 1198 4632 tales
1215 4579 1329 4632 urbium
1346 4591 1514 4647 magnarum

180 4674 278 4726 laudes
298 4673 470 4740 pervagatae
491 4673 558 4724 sint.
589 4731 591 4738 Α

1392 4758 1409 4810 4
