3682 5520
729 1379 901 1488 iudex:

148 1642 184 1692 Α.
207 1639 400 1692 Prooemium:
426 1638 461 1698 de
486 1636 643 1706 praeceptis
663 1634 816 1690 rhetoricis
841 1638 877 1690 aci
902 1635 1001 1690 laudes
1028 1635 1142 1689 urbium
1161 1634 1304 1704 pertinen·

207 1727 285 1782 tibus
311 1767 1027 1782 ..............
1072 1767 1081 1799 ‚·
1128 1767 1136 1797 f.
1184 1767 1190 1779 .
1239 1767 1245 1778 .
1293 1767 1299 1778 .
1396 1723 1506 1788 1-5Ἰ

149 1815 442 1870 B.·LaudesRomae
585 1857 590 1868 .
639 1855 644 1868 .
694 1857 699 1868 .
749 1845 754 1866 i
803 1855 808 1868 .
913 1855 1302 1868 ........
1454 1815 1480 1868 ,5

271 1901 600 1978 i.Laudesurbis
641 1944 1301 1959 .............
1464 1899 1481 1956 5

311 1992 390 2062 (urbs
409 2006 464 2047 non
484 1993 557 2046 satis
577 2005 626 2060 pro
646 1990 788 2061 dignitate
808 1991 922 2046 laudari
942 1990 1083 2058 potest).
1133 2033 1138 2045 .
1296 2033 1301 2044 .
1393 1993 1481 2046 5-7

367 2083 388 2136 i.
415 2083 449 2136 de
470 2085 575 2137 natura
594 2083 623 2136 et
643 2081 784 2150 positione
804 2081 881 2134 urbis
912 2123 1136 2136 .....
1161 2084 1191 2134 ’.
1241 2125 1246 2135 .
1295 2123 1300 2133 .
1392 2081 1482 2134 8-24

418 2187 442 2226 a.
463 2172 497 2224 de
516 2170 689 2224 salubritate
709 2170 810 2228 caeli.
860 2214 865 2224 .
915 2213 920 2223 .
961 2173 963 2179 '
970 2212 1302 2226 .......
1465 2171 1482 2222 8

349 2277 353 2287 ·
390 2261 444 2315 ·b.
465 2263 499 2316 de
519 2259 692 2328 sempiterno
713 2272 777 2313 vere
801 2259 929 2316 Romano
969 2301 1302 2318 .......
1427 2315 1428 2320 ,
1466 2259 1482 2311 9

418 2363 440 2404 c.
462 2351 506 2427 yde,
520 2348 738 2415 opportunitate
758 2349 908 2417 positionis
927 2350 1006 2402 urbis
1023 2390 1248 2402 .....
1262 2390 1263 2394 ,
1296 2389 1302 2400 .
1346 2334 1349 2367 ³
1452 2347 1482 2400 10

416 2440 444 2493 a.
474 2440 508 2500 oe
528 2437 622 2491 seueri
640 2478 1301 2493 .............
1363 2436 1482 2490 13-ἰὸ
1557 2418 1559 2423 '

470 2543 500 2582 o.
524 2528 633 2582 Tiberis
654 2528 816 2581 commercii
838 2528 1064 2586 instrumentum
1132 2571 1137 2580 .
1187 2569 1193 2580 .
1243 2569 1248 2580 .
1298 2569 1303 2579 .
1349 2519 1351 2523 ’
1452 2526 1482 2578 13

469 2611 499 2690 β.
524 2617 633 2671 Tiberis
654 2619 723 2672 deus
747 2658 1303 2670 ...........
1452 2608 1483 2667 io

416 2722 441 2762 e.
466 2709 501 2761 de
521 2708 601 2776 aquis
621 2706 651 2758 et
670 2706 818 2760 montibus
840 2705 917 2760 urbis
968 2749 985 2759 .,
1023 2747 1248 2759 .....
1260 2687 1263 2694 ’
1298 2747 1303 2758 ,
1389 2747 1391 2754 r

416 2796 436 2850 i.
465 2796 562 2850 laudes
591 2795 690 2849 ltaliae
811 2781 813 2786 ’
998 2799 1000 2804 ’

469 2900 498 2939 o.
525 2885 705 2952 comparatio
725 2899 790 2936 cum
811 2885 873 2938 aliis
889 2886 974 2938 terris
1023 2925 1303 2938 ......

468 2967 499 3046 β.
525 2975 559 3026 de
579 2973 749 3028 salubritate
769 2975 798 3028 et
818 2973 954 3042 temperie
974 2973 1043 3030 caeli
1078 3013 1303 3026 .....
1448 2971 1483 3024 20
1580 3041 1582 3049 y

468 3079 499 3137 γ.
526 3065 559 3118 de
580 3063 800 3131 opportunitate
819 3063 892 3117 situs
914 3102 1303 3114 ........
1448 3059 1479 3112 21

408 3203 410 3207 ,
470 3144 500 3206 ὀ.
526 3154 561 3207 de
581 3153 643 3206 aliis
664 3151 745 3208 bonis
804 3195 809 3206 .
859 3195 864 3205 .
914 3193 919 3203 .
969 3193 982 3228 ·‚
1023 3191 1303 3217 .......
1448 3149 1483 3202 22

363 3243 390 3296 2.
417 3243 451 3294 de
472 3241 670 3312 genereurbis
694 3284 699 3295 .
728 3290 730 3295 .
748 3280 1303 3294 ...........
1375 3238 1485 3292 24—46

417 3343 442 3385 a.
470 3334 503 3386 de
524 3332 671 3385 conditore
693 3330 770 3384 urbis
803 3369 1247 3383 .........
1264 3329 1266 3332 ’
1297 3369 1302 3380 .
1376 3326 1485 3380 24-30

471 3435 500 3476 α.
529 3420 668 3478 Romulus
689 3421 757 3474 deus
804 3457 1302 3472 ..........
1448 3417 1484 3470 25

471 3502 501 3583 β.
526 3510 570 3564 dei
592 3509 754 3562 conditores
775 3507 852 3562 urbis
917 3545 1305 3560 ........

363 3605 364 3610 ’
471 3615 501 3672 γ.
527 3611 630 3652 nomen
653 3597 761 3656 Romae
782 3610 798 3648 a
820 3595 943 3654 Romulo
964 3596 1128 3651 derivatum
1191 3637 1197 3647 .
1247 3636 1252 3646 .
1301 3635 1306 3646 .

403 3735 408 3749 .
474 3676 792 3762 §.Roma=p‘u'ipn
808 3725 1033 3739 .....
1192 3725 1198 3735 .
1247 3725 1252 3736 .
1301 3725 1307 3734 .

475 3793 499 3832 ε.
529 3777 752 3830 vaticinationes
779 3775 895 3827 futurae
916 3769 1124 3852 magnitudinis
1144 3772 1223 3826 urbis
1242 3783 1310 3825 con-

525 3866 609 3920 ditori
631 3867 717 3919 datae
749 3905 1030 3919 ......
1040 3907 1041 3910 ,
1080 3901 1305 3916 .....
1452 3861 1487 3914 28

419 3956 446 4010 b.
472 3958 506 4010 de
526 3957 633 4025 origine
654 3955 813 4008 incolarum
859 3991 1305 4006 .........
1361 3949 1433 4001 30-
1452 3949 1487 4004 32

417 4059 419 4064 ·
473 4059 502 4098 α.
529 4045 622 4102 Roma
641 4045 727 4098 Troia
746 4055 922 4098 renascens.
971 4084 976 4094 .
1026 4082 1031 4094 .
1082 4083 1087 4094 .
1134 4083 1142 4093 ,.
1192 4081 1197 4092 .
1247 4081 1251 4090 .
1302 4080 1307 4090 .
1452 4038 1488 4092 30

471 4127 503 4207 β.
530 4134 621 4191 Roma
640 4146 656 4186 a
680 4133 798 4188 Graecia
819 4134 882 4186 orta
918 4169 1252 4183 .......
1279 4168 1307 4198 Δ.
1453 4127 1489 4180 32

420 4236 444 4276 c.
474 4223 741 4296 demutationibus
762 4221 839 4281 urbis
863 4257 1306 4274 .........
1362 4216 1434 4268 32-
1453 4217 1489 4270 40

473 4328 502 4378 α,
527 4326 605 4366 nova
625 4312 692 4366 urbs
714 4311 850 4379 antiquae
871 4309 1027 4376 opponitur
1083 4345 1307 4360 .....
1453 4305 1489 4358 33

472 4395 504 4474 β.
530 4415 565 4455 ex
584 4403 647 4455 vico
667 4413 757 4468 parvo
779 4399 845 4453 urbs
866 4395 1092 4450 maximaftacta
1111 4399 1155 4449 est
1192 4437 1197 4446 .
1246 4435 1252 4446 .
1302 4434 1307 4445 .
1454 4394 1489 4447 38

320 4482 322 4485 ’
422 4493 449 4544 d.
479 4492 512 4544 de
534 4494 662 4561 tempore
698 4523 1287 4542 ............
1363 4481 1435 4534 40-
1454 4485 1490 4536 46

478 4593 508 4632 α.
534 4579 602 4634 urbs
621 4579 651 4632 in
671 4581 821 4634 aeteruum
841 4575 958 4631 condita
977 4577 1021 4629 est
1552 4590 1553 4596 ¹

476 4661 506 4741 β.
532 4667 755 4722 vaticinationes
775 4665 886 4734 turperii
906 4663 1073 4730 sempiterni
1086 4700 1309 4716 .....
1456 4661 1485 4713 41
