3664 5512
312 268 373 336 146

307 450 489 568 scriptores
521 495 777 565 nonnumquam
809 489 898 576 certa
932 487 1109 565 praecepta
1141 478 1307 548 rhetorica
1337 481 1439 548 secuti
1472 499 1541 548 non
1567 478 1643 554 sint,

308 610 506 693 plerumque
522 615 634 674 tamen
651 608 749 675 locos
769 625 970 674 communes
985 606 1215 682 adhibuerunt,
1235 607 1289 688 qui
1307 607 1409 672 autin
1430 605 1643 672 scholasticis
1665 635 1667 640 ⁴

308 721 473 823 encomiis
509 733 640 802 urbium
677 733 725 799 vel
766 732 952 815 principum
992 731 1125 798 exculti*
1149 737 1206 796 aut
1241 749 1259 796 a
1294 731 1450 816 Vergilio
1490 729 1643 807 lloratio,

309 857 441 935 Ouidio,
470 858 543 924 aliis
567 859 714 941 expressi
741 858 772 922 in
799 863 975 940 poetarum
1001 861 1032 922 et
1057 856 1228 922 rhetorum
1261 873 1358 921 usum
1383 855 1530 922 translati
1555 867 1643 921 sunt.

236 1063 238 1066 ,
309 979 395 1050 Nam
416 989 503 1048 certe
528 983 680 1050 rhetores
705 987 737 1047 et
757 988 878 1064 poetae
894 980 988 1048 alteri
1010 980 1134 1047 alteros
1154 981 1186 1044 in
1207 982 1412 1064 argumentis
1437 980 1644 1047 inveniendis

309 1108 506 1174 adiuverunt
521 1125 582 1173 nec
601 1100 714 1174 solum
734 1107 764 1172 lri
786 1106 919 1172 illorum
936 1106 1057 1171 scrinia
1077 1104 1312 1188 compilarunt,
1332 1105 1390 1171 sed
1411 1107 1509 1172 etiam
1527 1123 1645 1173 rursus

211 1309 214 1314 ,
274 1232 277 1239 ’
310 1233 371 1300 illis
396 1230 621 1316 praebuerunt
644 1233 764 1315 quibus
789 1231 974 1298 doctrinam
1000 1247 1096 1296 suam
1122 1231 1371 1314 exornarentl).

416 1357 481 1424 Sed
523 1359 705 1442 scriptores
747 1359 806 1424 etsi
845 1358 1024 1424 verborum
1067 1365 1202 1426 tumore
1248 1365 1346 1441 atque
1394 1373 1522 1441 pompa
1563 1355 1644 1440 quid

309 1485 468 1568 sentirent
493 1483 752 1578 occultaverunt,
776 1482 867 1565 quod
890 1483 1073 1566 periculum
1096 1501 1199 1550 nemo
1218 1482 1287 1549 lere
1306 1484 1508 1566 scriptorum
1530 1500 1644 1548 recen-

310 1611 433 1676 tiorum
459 1607 694 1687 sublimitatem
721 1609 884 1701 orationis
910 1607 1070 1674 allectans
1093 1607 1215 1692 elingit,
1240 1626 1402 1692 persaepe
1428 1614 1539 1675 tamen
1564 1625 1645 1673 vera

311 1740 409 1817 atque
433 1734 563 1800 sincera
587 1732 695 1799 elucet
718 1733 895 1799 admiratio
916 1733 1015 1799 huius
1036 1734 1125 1800 urbis
1150 1734 1344 1818 imperiique
1369 1728 1553 1816 singularis,
1576 1751 1645 1815 qua

312 1858 471 1940 nosipsi
506 1874 644 1942 quoque
671 1859 837 1941 capimur,
871 1858 1028 1941 quotiens
1056 1866 1112 1925 aut
1142 1876 1206 1925 nos
1236 1858 1464 1942 immergimus
1492 1864 1585 1924 totos
1610 1859 1644 1923 in

311 1983 490 2050 litterarum
517 1989 695 2065 rerumque
721 1981 836 2067 populi
859 1980 1001 2051 Romani
1028 1983 1256 2066 cognitionem
1278 1991 1335 2049 aut
1354 1983 1462 2051 oculis
1481 1967 1645 2060 videmus,

311 2125 544 2192 quaecumque
560 2125 599 2172 ex
619 2107 834 2192 saeculorum
855 2108 1109 2191 tempestatibus
1124 2114 1255 2174 servata
1274 2115 1351 2174 sunt
1367 2109 1457 2176 urbis
1478 2115 1645 2186 aeternae,

313 2240 347 2299 ut
370 2231 472 2299 lrodie
496 2249 537 2298 ex
561 2231 674 2297 anima
698 2232 896 2298 sententiam
922 2234 1122 2316 probemus:

474 2392 623 2477 ,Sospes
648 2409 751 2459 nemo
777 2399 888 2476 potest
911 2394 1094 2460 immernor
1110 2400 1191 2461 'esse
1215 2396 1292 2462 tui.“

419 2579 442 2645 1)
464 2581 500 2636 ct.
515 2582 607 2636 Tacit.
628 2582 694 2635 dial.
709 2582 756 2636 20:
774 2579 929 2651 ,‚Exigitur
948 2583 1023 2636 enim
1038 2581 1095 2635 iam
1110 2584 1146 2636 ab
1161 2586 1273 2637 oratore
1292 2584 1381 2636 etiam
1400 2584 1528 2650 poeticus
1549 2586 1648 2652 decor,

213 2675 215 2683 ’
312 2684 368 2724 non
388 2671 465 2724 Accii
485 2673 537 2724 aut
558 2670 673 2724 Pacuvii
695 2671 812 2726 veterno
837 2672 1014 2740 inquinatus,
1038 2673 1087 2726 sed
1108 2685 1143 2724 ex
1164 2672 1276 2726 Horatii
1300 2675 1330 2726 et
1350 2673 1463 2742 Vergilii
1486 2675 1516 2727 et
1537 2674 1647 2729 Lucani

311 2760 435 2814 sacrario
454 2757 613 2827 prolatus.“
