3682 5520
171 534 272 586 rbl’nn
299 535 331 586 Β.

186 604 264 652 ivm

297 659 317 701 Α

362 289 424 354 38Ι

467 520 553 585 quae
583 522 698 570 nunc
726 503 788 570 sub
814 502 956 572 Phoebo
980 503 1120 590 ducibus
1146 504 1270 591 Palatia
1293 506 1428 591 fulgent,

518 626 598 711 quid
623 629 683 695 nisi
708 630 848 696 araturis
873 647 999 712 pascua
1023 629 1133 697 bubus
1157 637 1314 698 erant.“

467 768 572 836 Etiam
602 773 784 856 scriptores
814 771 986 855 pedestres
1015 743 1369 842 hancvetustissimae
1399 781 1431 841 et
1459 791 1569 842 novae
1601 778 1691 843 urbis

358 896 609 964 contentionem
635 896 871 1003 adhibuerunt;
903 904 1002 982 atque
1034 898 1179 981 primum
1210 899 1243 963 in
1269 897 1381 965 Livii
1413 913 1535 984 magna
1561 898 1688 967 Camilli

323 1062 326 1066 -
358 1021 513 1088 oratione
547 1021 613 1088 hoc
642 1023 706 1086 ἀπὸ
725 1023 938 1108 ,συγκρίσεως
968 1031 1202 1106 argumentum
1235 1023 1377 1107 legimus
1400 999 1459 1090 'his
1492 1043 1699 1122 expressum·

358 1146 465 1214 verbis
489 1144 605 1230 (linx
629 1148 680 1225 53,
704 1147 754 1231 9):
782 1147 1002 1227 „Maiores
1027 1149 1141 1226 nostri,
1166 1165 1339 1215 convenae
1365 1154 1690 1234 pastoresque,

357 1288 433 1337 cum
460 1271 491 1336 in
517 1271 568 1338 his
592 1271 676 1352 locis
700 1257 778 1338 nihil
804 1278 934 1356 praeter
958 1255 1102 1339 silvas
1131 1272 1417 1356 paludesque
1441 1281 1540 1352 esset,
1565 1245 1687 1341 novam

358 1395 473 1462 urbem
495 1402 561 1462 tarn
583 1396 671 1462 brevi
692 1395 971 1474 aedificaveruntn
990 1415 1089 1476 nos,
1115 1396 1284 1481 Capitolio
1305 1405 1405 1483 atque
1425 1416 1500 1466 arce
1522 1389 1690 1479 incolumi,

357 1498 521 1588 stantibus
553 1520 686 1605 templis
722 1520 874 1600 deorum,
912 1521 1087 1588 aedificare
1126 1523 1271 1589 incensa
1301 1523 1446 1611 pigebit
1473 1542 1512 1591 ac
1541 1525 1690 1591 similiter

244 1681 245 1688 κ
359 1639 641 1728 Pomponius
661 1646 796 1730 Mela,
816 1645 857 1712 de
876 1629 940 1714 situ
961 1647 1033 1714 orb.
1053 1646 1074 1714 ll
1095 1650 1124 1725 4,
1144 1649 1196 1724 60,
1209 1647 1275 1714 'ubi
1296 1648 1424 1726 eadem,
1448 1667 1549 1732 quarn
1571 1656 1691 1733 poetas

333 1787 459 1854 ·saepe
506 1773 727 1867 usurpavisse
762 1771 991 1870 intelleximus
1037 1773 1276 1839 sententiarum
1320 1773 1501 1841 collocatio
1548 1775 1689 1840 vocibus

345 1897 573 1990 ·,quondam“
613 1903 645 1962 et
684 1902 811 1977 ,nunc“
851 1896 984 1964 inducta
1022 1897 1198 1963 invenitur:
1240 1875 1369 1976 „Roma
1406 1899 1634 1981 quondam
1671 1918 1691 1966 a

358 2021 550 2104 pastoribus
578 2008 721 2100 co'ndita,
751 2001 922 2089 nuncsi
953 2038 1015 2106 pro
1045 2023 1183 2091 materia
1212 2021 1347 2102 dicatur,
1378 2023 1517 2090 alterum
1544 2025 1691 2109 opus“1)
1723 2042 1728 2053 ·

358 2144 415 2227 etJ
428 2145 733 2217 ordanesRom.
748 2148 825 2214 138:
848 2147 966 2232 „igitur
982 2153 1157 2231 pastorum
1173 2147 1348 2231 quondam
1361 2166 1439 2215 casa
1453 2150 1531 2216 urbs
1546 2151 1689 2242 enituit.“

453 2270 551 2338 'ldem
581 2278 691 2338 autem
717 2279 956 2356 'argumentum
987 2246 1109 2350 exstat,
1138 2256 1193 2340 'ubi
1224 2274 1333 2341 vicum
1364 2275 1542 2340 minimum
1573 2274 1689 2341 urbem

358 2394 538 2488 maximam
581 2403 614 2463 et
649 2397 824 2464 dominam
857 2397 961 2472 ,orbis
995 2403 1158 2464 terrarum
1196 2397 1320 2465 lactum
1359 2417 1434 2466 esse
1473 2397 1691 2482 praedicatur.

357 2523 571 2532 ——-.—---—

464 2582 486 2650 1)
503 2587 610 2639 Eadem
626 2587 737 2639 ratione
753 2587 850 2640 laudes
870 2601 1010 2640 novorum
1031 2587 1228 2641 aedificiorum
1248 2589 1427 2656 aliorumque
1446 2587 1553 2645 Romae
1570 2601 1690 2655 operum

357 2676 573 2742 comparatione
594 2671 779 2743 antiquorum
800 2677 977 2743 amplificare
997 2677 1117 2731 student
1365 2667 1367 2672 ’

357 2764 702 2831 Martial,X28,3:

465 2855 603 2921 „Pervius
623 2855 740 2924 exiguos
760 2854 915 2909 habitabas
940 2856 1008 2909 ant
1020 2869 1039 2908 e
1058 2858 1188 2922 penates,

519 2945 642 3012 plurima
663 2958 718 3012 qua
740 2946 865 2998 medium
888 2945 979 3002 Roma
999 2946 1112 3012 terebat
1132 2945 1201 3012 iter;

465 3047 567 3086 nunc
588 3035 638 3086 tua
659 3033 802 3089 Caesareis
822 3017 975 3104 cinguntur
996 3035 1094 3088 limina
1114 3035 1206 3101 donis,

362 3188 366 3200 Ι
517 3125 546 3176 et
565 3122 627 3176 tora
647 3125 692 3176 tot
712 3137 855 3189 numeras,
880 3125 955 3189 lane,
975 3126 1047 3192 quot
1066 3137 1115 3176 ora
1135 3121 1243 3192 geris“-
1295 3171 1298 3180 .

358 3212 670 3280 idcmVlllbb,l:·
1250 3285 1254 3291 Δ

465 3301 557 3368 „Hic
583 3302 649 3355 ubi
669 3302 819 3356 Fortunae
842 3302 963 3360 Reducis
984 3301 1125 3378 fulgentia
1148 3303 1205 3356 late
1277 3344 1281 3356 .

518 3392 626 3459 templa
645 3393 749 3458 nitent,
769 3391 838 3445 felix
857 3405 922 3445 area
942 3386 1181 3459 nuper'erat.“

357 3481 444 3548 (idem
465 3494 511 3548 ep.
529 3482 556 3548 2,
579 3483 606 3534 1:

466 3571 557 3637 „llic
583 3571 647 3623 ubi
673 3570 798 3624 sidereus
819 3571 949 3638 proprius
970 3572 1050 3624 videt
1069 3573 1148 3624 astra
1168 3572 1293 3625 colossus

517 3661 546 3712 et
566 3662 697 3713 crescunt
717 3661 811 3713 media
831 3661 965 3728 pegmata
985 3661 1059 3713 celsa
1079 3661 1136 3727 via,

465 3749 606 3802 invidiosa
625 3749 676 3802 feri
697 3750 851 3802 radiabant
871 3750 945 3802 atria
964 3751 1038 3818 regis

467 3929 537 3981 llic
563 3928 628 3982 ubi
654 3928 799 3994 conspicui
820 3909 990 3988 uenerabilis
1011 3928 1218 3995 amphitheatri

516 4019 633 4086 erigitur
654 4018 754 4083 molus,
773 4019 877 4086 stagna
897 4015 1016 4070 Neronis
1037 4019 1128 4072 erant.

466 4107 536 4159 lllc
561 4107 628 4160 ubi
654 4107 792 4159 miramur
812 4106 920 4159 velocia
940 4119 1059 4159 munera
1080 4101 1207 4160 thermas

516 4197 676 4250 abstulerat
697 4197 804 4249 miseris
825 4197 904 4249 tecta
922 4196 1061 4262 superbus
1082 4192 1181 4264 ager“)

465 4304 541 4356 Pan
552 4316 567 4355 e
577 4317 604 4372 g.
620 4304 699 4357 Lat.
716 4301 753 4356 lV
766 4303 813 4369 35,
827 4303 858 4356 4:
876 4303 943 4369 „sed
956 4303 1004 4355 illa
1023 4303 1096 4369 ipsa,
1117 4316 1190 4370 quae
1206 4317 1250 4354 an
1262 4305 1299 4355 te
1311 4304 1328 4355 h
1340 4316 1356 4355 a
1368 4316 1382 4355 c
1402 4302 1693 4371 magnificentissima

280 4401 283 4408 '
356 4393 547 4460 putabantur,
576 4407 678 4445 nunc
703 4390 849 4445 auri'luce
874 4391 1015 4461 fulgentia
1039 4393 1203 4445 indecoram
1228 4393 1369 4445 maiorum
1394 4392 1600 4459 parsimoniam
1625 4407 1694 4460 pro-

357 4479 521 4538 diderunt.“
553 4481 714 4537 Plinius
733 4481 768 4535 Ν.
786 4481 824 4547 Η,
839 4481 970 4536 XXXVI
989 4482 1049 4546 lll,
1069 4482 1117 4535 ubi
1138 4482 1188 4535 Gai
1206 4484 1233 4535 et
1250 4479 1369 4534 Neronis
1395 4483 1496 4536 domus
1517 4495 1603 4534 aurea
1623 4496 1691 4536 curn

321 4620 323 4627 ,
356 4573 498 4626 maiorum
511 4559 595 4640 agris,
611 4573 660 4639 qui
675 4572 832 4638 „minorem
847 4573 964 4625 modum
977 4571 1105 4624 obtinere
1121 4585 1207 4638 quam
1220 4571 1332 4626 sellaria
1347 4569 1479 4650 illorum‘f
1496 4573 1692 4638 componitur.

357 4661 406 4730 (cr.
427 4661 554 4716 Statium
577 4662 605 4716 s.
626 4662 663 4716 ru
680 4661 708 4728 a,
727 4661 850 4728 27-3r;
876 4660 1090 4732 112,30—34;
1110 4657 1169 4724 54.)
