3682 5520
1387 311 1529 392 'su

195 545 324 622 praeter
358 538 456 606 locos
487 557 506 605 a
537 532 806 606 Friedlaendero'
827 541 860 625 (l.
880 549 913 604 c.
941 539 971 605 Ι8
995 539 1113 624 (1910)
1138 557 1167 622 p.
1192 538 1249 622 75)
1282 537 1403 605 allatos
1426 535 1528 621 (Ovid

194 671 253 729 art.
274 661 309 731 lll
333 665 411 742 tt3;
437 663 575 730 Martial.
601 662 642 729 lX
661 666 712 742 59,
733 667 768 743 2;
789 665 979 731 Ausonium
1000 663 1042 730 Xl
1067 665 1099 742 l;
1125 663 1302 730 iuvencum
1323 663 1395 729 libr.
1414 676 1529 748 evang.

195 788 244 866 lv,
263 788 365 872 prael.
387 787 408 854 ll
429 791 466 866 2;
487 789 549 856 Vit.
571 787 730 869 Pescenn.
752 789 841 876 Nigr.
862 809 889 856 c.
914 792 962 868 12,
982 790 1018 874 ό)
1042 787 1131 873 apud
1151 789 1218 856 lros
1236 805 1373 872 quoque
1393 793 1528 871 poetas:

194 911 549 981 Claudian.'l²esc.
576 914 598 981 ll
627 917 685 983 19:

569 1039 699 1119 „Aurea
723 1041 1008 1124 septemgeminas

570 1162 678 1233 Roma
702 1170 846 1260 coronet
869 1170 995 1242 arcesl,
1127 1245 1130 1251 Ι

195 1307 321 1392 auctor.
354 1343 482 1392 carm.
516 1324 567 1391 de
599 1325 712 1391 viris
745 1323 912 1392 illustr.
946 1323 1247 1410 (nuntiam)
1284 1329 1309 1401 1,
1332 1325 1368 1391 3;

379 1466 489 1534 „quos
513 1467 614 1516 aurea
640 1449 813 1534 quondam
840 1448 949 1520 Roma
973 1449 1079 1528 tulit“;

194 1609 367 1677 Alcuin.
391 1628 417 1676 c.
443 1612 473 1688 9,
496 1611 537 1678 si
569 1614 615 1697 (p.
642 1612 716 1687 230,
743 1613 770 1696 l.
813 1607 1101 1694 Duemmlerl:
1143 1607 1145 1610 ’

379 1733 516 1814 „Roma
541 1742 641 1818 caput
665 1734 789 1812 mundi,
815 1735 930 1802 mundi
955 1735 1067 1814 decus
1092 1752 1195 1802 aurea
1216 1734 1334 1812 Roma,
1428 1789 1431 1794 .

394 1919 396 1924 .
433 1957 434 1962 Ἰ
485 1877 573 1926 nunc
597 1866 755 1966 remanet
770 1866 897 1946 tantum
923 1877 1024 1928 saeva
1049 1861 1145 1927 ruina
1168 1860 1256 1936 tibi“,
1325 1891 1327 1910 ·

108 2107 109 2110 Ἴ
195 1989 422 2096 Nasonem
448 2021 508 2086 ecl.
537 2024 562 2098 i,
587 2023 628 2087 27
653 2022 699 2106 (p.
724 1979 789 2088 385
816 2018 1105 2104 Duemmler):

379 2147 509 2226 „Aurea
534 2143 643 2215 Roma
667 2147 784 2213 iterum
810 2153 971 2214 renovata
996 2147 1179 2214 renascitur
1203 2146 1305 2213 orbi.“

304 2270 432 2339 Eodem
475 2278 627 2362 spectant
660 2273 701 2346 lri
744 2273 880 2350 versus
913 2271 1034 2356 quibus
1077 2268 1185 2340 Roma
1228 2271 1376 2339 humana
1418 2266 1512 2358 speci

196 2396 355 2466 induitur:
1352 2400 1356 2410 '

302 2504 643 2643 metinno‘oetob.
666 2558 740 2626 ilor.
760 2557 794 2626 lll
820 2559 848 2637 7,
876 2558 931 2643 12)
958 2561 990 2625 1:

515 2685 696 2769 1⁰²05d⁰l
722 2683 847 2768 ‘Pdpn
869 2683 1017 2778 θυγάτηρ
1042 2653 1167 2768 Ἄρηός,

474 2890 476 2896 y
514 2805 839 2894 χρυσεὸμίτρα,
873 2809 1017 2893 δαΐφρων
1047 2809 1183 2884 ἄνασσα,

301 2969 425 3036 Antn.
451 2968 536 3037 Pal.
562 2969 603 3037 lX
627 2971 702 3046 697,
725 2971 760 3036 3:

514 3091 791 3179 χρυσάσπιόι
817 3094 944 3178 Ῥώμῃ.

191 3233 352 3323 ‘conferas
382 3273 522 3340 quoque
551 3255 746 3322 lllariani
776 3255 862 3339 lup.
892 3254 979 3341 (Frg.
993 3255 1027 3322 Ρ.
1042 3253 1183 3338 Romp.
1199 3256 1294 3340 384):

324 3371 326 3378 ’
519 3380 598 3460 „sed
623 3379 698 3448 diva
721 3380 844 3447 flava
869 3387 900 3447 et
925 3380 1119 3448 candida

478 3520 482 3528 ·
518 3505 635 3584 Roma,
659 3505 837 3590 Aesculapi
860 3505 958 3572 iilia.“

302 3666 368 3758 Sed
404 3673 534 3750 praeter
567 3666 629 3732 lras
663 3645 848 3733 breviores
870 3666 1123 3750 pulchritudinis
1158 3665 1286 3736 Romae
1322 3665 1533 3734 laudationes

198 3801 317 3877 poetae
348 3798 379 3858 et
407 3792 588 3880 scriptores
618 3809 720 3875 saepe
751 3791 849 3857 etiam
881 3790 1098 3874 amplissimis
1127 3793 1236 3858 verbis
1266 3793 1336 3858 auri
1365 3782 1531 3875 fulgorem

196 3917 324 3994 tollunt,
344 3924 378 3983 ut
399 3915 508 3982 Pane
516 3930 545 4000 g.
567 3915 646 3983 Lat.
666 3914 707 3981 lV
722 3916 781 4002 (X)
797 3919 848 3994 35,
868 3921 896 3992 4,
918 3917 972 3983 ubi
994 3917 1221 4000 parsimoniae
1238 3918 1405 3984 maiorum
1422 3935 1532 4001 oppo-

198 4049 320 4109 nuntur
350 4022 500 4108 aedilicia
531 4042 859 4127 magnificentissima
892 4041 1065 4125 scriptoris
1096 4049 1289 4125 temporum
1325 4043 1376 4108 iris
1409 4042 1531 4110 verbis:

199 4166 277 4246 „sed
299 4167 352 4233 illa
372 4169 445 4250 ipsa
469 4185 555 4250 quae
576 4168 716 4234 antehac
742 4167 1071 4252 magnificentissima
1096 4166 1298 4251 putabantur
1323 4186 1411 4233 nunc
1435 4169 1532 4233 auri

179 4291 298 4373 luce
330 4292 561 4376 fulgentia
595 4291 789 4358 indecoram
822 4265 989 4358 maiorum
1025 4292 1267 4375 parsimoniam
1303 4290 1532 4374 prodiderunt.

199 4391 298 4482 Circo
324 4417 384 4501 ipsi
410 4418 560 4484 maximo
592 4417 752 4484 sublimes
785 4418 934 4501 porticus
965 4424 997 4484 et
1025 4417 1278 4483 rutilantes
1312 4433 1425 4484 auro
1458 4433 1532 4482 co-

199 4540 378 4607 lumnae
416 4550 543 4607 tantum
585 4543 727 4607 inusitati
768 4549 908 4608 ornatus
946 4540 1108 4607 dederunt
1146 4549 1180 4607 ut
1218 4541 1274 4608 illo
1313 4558 1382 4609 non
1422 4542 1533 4607 minus

199 4665 318 4749 cupide
338 4668 556 4732 conveniatur
575 4668 638 4733 loci
659 4667 762 4751 gratia
782 4685 882 4750 quam
904 4667 1082 4749 spectaculi
1103 4640 1305 4749 voluptate“,
