3664 5512
1416 315 1476 381 107

149 532 424 600 defendendis
456 539 663 600 terrarum
693 533 768 597 iam
795 531 1128 612 omniumpotitus
1152 529 1250 612 est1);
1285 528 1478 614 Ammian.

151 657 348 726 Marcell.
371 656 445 724 Xlll
469 660 498 735 ὁ,
522 665 558 725 0:
587 675 666 740 „per
699 673 856 723 omnes
892 705 919 716 ..
945 663 1094 738 quotque
1118 664 1197 750 sunt
1229 659 1477 736 partesque

150 790 390 859 terrarum,
416 790 450 848 ut
474 782 612 851 domina
635 781 813 864 suscipitur
836 778 1013 863 (Roma)“;
1040 778 1194 862 Paneg.
1222 776 1305 844 Lat.
1326 776 1367 844 Xl
1387 779 1434 854 13,
1458 779 1478 844 5

150 907 206 990 (de
231 907 437 974 Maximiano
462 907 630 991 quideml:
658 904 830 988 „Neque
867 905 954 970 enim
993 904 1083 970 ulla
1117 921 1221 987 pars
1253 908 1477 968 terrarum

150 1033 332 1102 maiestatis
356 1037 485 1098 vestrae
503 1033 691 1114 praesentia
716 1035 833 1096 caret.“

257 1155 343 1222 ldem
378 1155 520 1240 denique
553 1155 740 1240 significant
772 1160 894 1240 poetae
926 1155 1183 1237 scriptoresque,
1216 1170 1291 1218 cum
1319 1150 1480 1220 Romanis
1521 1217 1523 1224 ,

151 1281 276 1366 gloriae
306 1289 441 1359 vertant,
473 1282 566 1365 quod
600 1298 744 1346 omnes
775 1267 910 1345 terras
941 1285 978 1344 et
1003 1267 1132 1344 mar'ia
1158 1279 1195 1344 in
1222 1284 1478 1362 potestatem

150 1424 267 1472 suam
293 1407 485 1490 redegerint.
531 1404 635 1472 Simili
670 1395 862 1470 laudatione
892 1405 957 1468 iam
984 1402 1160 1470 Alexandri
1191 1417 1329 1486 regnum
1364 1400 1479 1484 ampli-

150 1530 284 1596 licatum
320 1537 369 1597 est
401 1529 442 1596 ab
468 1531 680 1607 Arrian0‚
714 1529 769 1612 qui
799 1527 1023 1594 Alexandrum
1057 1527 1176 1594 milites
1206 1527 1256 1592 iris
1286 1526 1394 1594 verbis
1425 1524 1480 1592 ad-

151 1627 341 1728 hortantem
377 1655 481 1739 lingit·
504 1654 624 1738 (Anah.
657 1654 747 1720 Alex.
771 1653 824 1720 Vll
859 1656 906 1731 10,
937 1654 987 1736 2):
1022 1657 1177 1727 νικῶντας
1209 1653 1292 1735 ὑμᾶς
1324 1654 1396 1734 ἄγω
1427 1649 1480 1714 διὰ

149 1780 292 1861 πάσης
324 1787 403 1863 γῆς
434 1781 507 1844 καὶ
535 1781 768 1866 θαλάσσης
798 1780 853 1845 καί
881 1779 1011 1842 πάντων
1037 1786 1193 1859 ποταμῶν
1220 1777 1276 1842 καὶ
1309 1776 1393 1858 ὁρῶν
1425 1773 1481 1838 καί
1523 1817 1525 1822 -

150 1904 271 1969 πεδίων
292 1881 461 1995 ’τιάνταινίι

260 2026 435 2096 Romanos
489 2036 600 2095 autem
655 2029 721 2095 noc
773 2027 879 2094 modo
932 2028 1059 2109 primus
1105 2024 1216 2091 laudat
1262 2023 1482 2107 interpolator
1549 2099 1556 2108 ἱ

153 2151 431 2237 Lycophronis²)‚
474 2171 549 2219 cum
594 2152 818 2220 Cassandram
863 2150 1123 2235 magnitudinem
1167 2150 1295 2234 imperii
1339 2147 1480 2217 Romani

152 2280 384 2346 vaticinantem
417 2277 494 2344 tacit
527 2278 578 2344 his
602 2278 752 2344 versibus
776 2277 965 2361 (Alexandr.
993 2276 1107 2360 1220):

365 2400 482 2478 Γένσνς
512 2403 547 2467 δὲ
570 2401 711 2466 πάππων
735 2411 798 2466 τῶν
828 2404 914 2484 ε’μῶν
945 2401 1038 2475 αὖθις
1067 2403 1161 2476 κλέος

331 2569 334 2574 -
365 2503 517 2611 μέγιστὸν
547 2528 739 2610 αὐξήσονσιν
762 2529 905 2611 ἅμναμσί
924 2551 1014 2600 ποτε,
1218 2505 1221 2513 ¹

366 2653 497 2736 αἰχμαῖς
521 2632 564 2717 τὸΙ
581 2653 778 2736 πρωτόλειον
801 2654 934 2735 ἄραντες
959 2655 1085 2732 στέφος,

237 2805 239 2810 ·
319 2847 322 2852 ,
365 2777 1024 2862 γῆςκαὶθαλάσσηςσκῆνιτρα
1047 2777 1103 2841 καὶ
1126 2778 1302 2861 μοναρχίαν

366 2903 602 2985 λαβόντες,
792 2973 796 2980 .

152 3026 553 3111 similiterVergilius
576 3026 615 3092 A.
640 3026 649 3091 l
675 3029 758 3093 230:
1049 3115 1052 3119 .

284 3153 359 3235 „qui
391 3169 526 3228 mare,
557 3152 612 3234 qui
642 3157 791 3218 terras
816 3153 909 3218 omni
940 3150 1074 3218 dicione
1103 3159 1280 3218 tenerent.“

153 3277 359 3343 llielinno
384 3275 491 3361 (Stob.
514 3275 588 3341 llor.
609 3274 642 3341 lll
671 3277 724 3356 12)
749 3279 784 3342 9:

335 3410 378 3486 σᾷ
401 3400 496 3466 δ’ὑπὰ
520 3393 660 3485 σδεύνλᾳ
683 3410 849 3484 κρατερῶν
870 3401 1035 3467 λεπάδνων

221 3615 224 3622 ἡ
336 3527 1090 3627 στέρναμαίαςκαίπολιᾶςθαλάσσας

261 3674 283 3741 ¹)
310 3679 470 3732 Secundum
486 3681 632 3734 rhetorum
649 3682 811 3747 praecepta,
833 3693 905 3745 quae
922 3679 1039 3746 legimus
1055 3681 1131 3746 apud
1149 3681 1332 3732 Theonem
1355 3679 1414 3744 110,
1434 3680 1482 3734 20:

153 3761 354 3825 ἐπαινοῦνται
378 3760 434 3823 καί
453 3761 487 3823 αἱ
503 3759 566 3842 ιτρὸ
586 3767 650 3822 τῶν
669 3760 770 3840 φίλων
791 3760 939 3840 τιμωρίαι
963 3759 1018 3822 καί
1037 3759 1173 3823 κίνδυνοι
1198 3769 1259 3821 aliis
1281 3781 1394 3835 quoque
1415 3780 1484 3821 non·

153 3857 238 3911 nullis
262 3857 328 3912 locis
351 3857 472 3916 Romani
497 3857 661 3924 laudantur,
687 3858 763 3926 quod
783 3872 833 3926 pro
853 3857 934 3910 sociis
950 3858 1073 3925 pericula
1088 3858 1241 3911 subierint:
1265 3857 1394 3913 scribunt
1408 3857 1483 3910 enim

154 3947 293 4000 Cicero
314 3961 364 4014 pro
383 3948 451 4016 imp.
463 3949 489 4013 2,
510 3949 539 4002 o:
562 3945 675 4015 „agitur
694 3948 768 4000 salus
789 3947 930 4000 sociorum
949 3949 1037 4014 alque
1057 3948 1223 4013 amicornm,
1244 3961 1294 4014 pro
1316 3960 1373 4014 qua
1393 3947 1484 4017 multa

153 4032 274 4089 maiores
303 4037 390 4090 vestri
419 4050 522 4105 magna
551 4038 580 4090 et
608 4036 707 4104 gravia
736 4037 808 4090 bella
838 4032 1015 4104 gesserunt“,
1046 4037 1186 4090 Livius
1218 4036 1354 4089 XXXlll
1378 4035 1425 4102 33,
1453 4037 1483 4091 5:

154 4125 244 4192 „Esse
263 4125 390 4192 aliquam
415 4126 443 4178 in
464 4126 544 4179 terris
564 4127 689 4194 gentem,
711 4139 783 4194 quae
803 4139 854 4178 sua
874 4125 1013 4193 impensa,
1026 4139 1078 4179 suo
1099 4126 1193 4179 labore
1214 4139 1246 4178 ac
1267 4126 1390 4194 periculo
1412 4125 1483 4179 bella

154 4215 236 4282 gerat
254 4227 304 4282 pro
325 4215 458 4268 libertate
476 4211 628 4279 allorum“‚
668 4215 761 4268 Clau
774 4218 790 4270 d
803 4216 876 4268 ian.
896 4215 1005 4269 Stiliclr.
1027 4216 1068 4267 lll
1092 4215 1155 4270 182:

392 4303 469 4370 „Nec
489 4306 586 4357 tamen
608 4303 752 4371 ingratum
773 4317 834 4370 nec,
855 4304 901 4370 qui
924 4304 1074 4356 benefacta
1094 4304 1196 4357 referre

390 4393 509 4459 nesciat,
527 4393 603 4446 hunc
623 4393 720 4446 credas
741 4393 887 4461 populum.
929 4393 956 4446 Si
977 4394 1090 4446 volvere
1111 4393 1215 4461 priscos

390 4484 506 4536 annales
528 4481 630 4535 libeat:
651 4482 784 4548 quotiens
802 4482 848 4534 hic
868 4483 973 4550 proelia
992 4482 1116 4553 sumpsit

327 4587 328 4592 ¹
390 4585 440 4639 pro
459 4569 574 4624 sociisl“

262 4655 285 4728 ²)
309 4660 439 4718 conteras
459 4675 486 4728 p.
497 4660 542 4726 28,
566 4662 588 4712 l.
