3664 5512
219 318 222 324 ’
325 334 388 409 roo

428 545 481 612 Sic
505 548 603 612 etiam
631 547 833 616 recentiores
857 543 1003 614 historici
1029 553 1060 614 et
1084 554 1207 631 poetae
1230 567 1334 632 saepe
1369 545 1455 615 hanc
1479 562 1655 632 compara-

187 717 189 724 ,
214 709 219 716 ·
322 671 447 737 tionem
470 672 635 749 adhibent,
661 691 735 737 cum
760 671 847 738 laudi
871 672 998 755 imperii
1021 672 1162 742 Romani
1184 674 1357 756 aptissima
1377 681 1409 739 et
1429 691 1447 739 a
1469 674 1657 741 rhetoribus

237 869 238 874 ,
322 796 560 899 commendata
585 797 634 862 sit.
682 795 818 862 Exstant
842 799 930 863 enim
959 797 1078 865 similia
1104 805 1282 882 praecepta
1306 798 1394 882 apud
1420 806 1655 867 auctorem

323 929 646 1011 excerptorum
677 923 784 988 rhet.
809 923 854 1006 (p.
865 926 939 1000 581,
950 924 1021 1005 28):
1038 922 1215 1000 „Solemus
1230 930 1261 989 et
1276 941 1295 988 a
1311 923 1459 991 finitimis
1473 923 1658 989 civitatibus

323 1043 454 1111 laudem
481 1048 642 1112 mutuari.
658 1101 682 1112 ..
721 1046 753 1113 ln
779 1048 831 1114 his
855 1064 992 1131 quoque
1006 1048 1169 1138 iaciemus
1184 1048 1324 1114 breviter
1339 1049 1658 1131 comparationem“‚

323 1178 355 1235 et
378 1172 467 1253 apud
497 1171 789 1238 Menandrum
816 1171 849 1238 ΙΙΙ
875 1175 948 1250 417,
973 1175 1006 1238 5:
1042 1174 1152 1249 Ἥξεις
1175 1173 1258 1256 μετὰ
1287 1174 1343 1249 τὰς
1367 1173 1482 1256 ἀρετὰς
1506 1170 1558 1238 ἐπὶ
1582 1172 1658 1255 σάγ-

258 1299 260 1304 ’
322 1317 486 1379 κρίσιν...
512 1296 668 1372 πολλάκις
699 1297 735 1361 τὸ
760 1297 1003 1382 συγκρίνειν...
1039 1301 1116 1362 ὅταν
1151 1297 1413 1390 (συγκρίνωμεν)
1448 1298 1549 1382 ἀρχὴν
1582 1298 1658 1379 ὅλην

323 1420 402 1505 πρὸς
436 1420 513 1503 ὅλην
546 1404 708 1506 ἀρχήν...
744 1423 810 1486 οἷον
842 1422 957 1486 πολλοὶ
990 1423 1145 1498 πολλάκις
1176 1424 1347 1508 γεγόνασιν
1380 1426 1533 1506 ἄρχοντες
1564 1420 1659 1485 καλοὶ

323 1543 480 1630 κἀγαθοί,
515 1547 547 1610 οἱ
576 1547 635 1629 μὲν
667 1545 721 1611 ἐπὶ
753 1553 810 1629 τῆς
843 1546 959 1623 Ἀσίας,
994 1549 1027 1612 οἱ
1056 1549 1091 1612 δὲ
1125 1546 1177 1612 ε’πὶ
1206 1555 1263 1630 τῆς
1293 1547 1464 1633 Εὐρώπης,
1499 1545 1659 1612 ἐπαινεταὶ

323 1673 381 1755 μὲν
414 1670 624 1736 κάκεῖνοι
654 1671 741 1736 ἀλλὰ
773 1654 833 1766 σοῦ
864 1672 1000 1755 βελτίων
1031 1671 1144 1748 οὐδείς’
1179 1674 1403 1757 ὑπερβέβηκας
1434 1674 1496 1757 γὰρ
1529 1670 1659 1758 ἀθρόως

324 1799 477 1872 ἅπαντας,
503 1797 624 1863 ibidem
640 1799 713 1876 376,
729 1800 786 1864 31:
810 1801 897 1881 ἥξεις
912 1797 1014 1862 &aaut
1030 1801 1087 1883 τὴν
1102 1799 1307 1881 τελειοτάτην
1331 1798 1508 1883 σύγκρισιν,
1534 1795 1659 1870 ἀντεξε-

325 1923 431 1997 τάζων
464 1923 521 2005 τὴν
553 1925 654 1987 αὐτοῦ
684 1923 850 2006 βασιλείαν
881 1923 961 2005 πρὸς
986 1923 1042 1999 τὰς
1065 1923 1130 2005 πρὸ
1152 1924 1252 1988 αὐτοῦ
1273 1922 1448 2004 βασιλείας,
1483 1924 1520 1987 οὗ
1543 1924 1660 1986 ’καθαι-

324 2054 390 2131 ρῶν
413 2047 536 2122 ἐκείνας
569 2085 611 2094 -
645 2050 778 2132 ἄτεχνον
800 2049 862 2132 γὰρ
896 2085 938 2093 -
972 2047 1053 2112 ἀλλὰ
1084 2049 1262 2130 θαυμάζων
1294 2049 1353 2131 μὲν
1386 2047 1519 2124 ἐκείνας,
1554 2047 1591 2112 τὸ
1624 2048 1660 2111 δὲ

326 2172 447 2237 τέλειον
470 2171 643 2249 ἀποδιδοὺς
667 2181 707 2255 τῇ
727 2174 938 2258 παρυάση.·..
982 2176 1011 2239 ό.
1045 2173 1137 2237 αὗται
1164 2173 1180 2255 (
1185 2173 1219 2236 αἱ
1241 2170 1444 2257 συγκρίσεις)
1478 2170 1551 2256 περὶ
1573 2171 1661 2254 ,ὅλης

327 2298 454 2361 ἔσονται
469 2304 526 2378 τῆς
545 2299 745 2374 ὑποθέσεως,
767 2298 886 2362 ὡσανεὶ
904 2301 956 2380 βα
967 2322 988 2362 σ
998 2324 1008 2362 ι
1018 2299 1036 2361 λ
1048 2323 1062 2362 ε
1074 2297 1140 2361 ίαν
1164 2301 1184 2362 ά
1192 2297 1210 2360 λ
1220 2322 1267 2381 ην
1287 2297 1417 2382 ἀθρόως
1435 2296 1491 2361 καὶ
1510 2299 1543 2362 ἐν
1561 2321 1661 2380 κεφα-

326 2420 408 2505 λαίῳ
431 2422 538 2506 πρὸς
563 2424 666 2505 ὅλην
689 2423 926 2505 βασιλείαν
951 2423 1238 2507 συγκρίνομεν,
1271 2424 1355 2487 οἷον
1389 2425 1460 2507 τὴν
1484 2421 1663 2494 Ἀλεξάν-

326 2547 429 2630 δρου
452 2546 559 2630 πρὸς
583 2550 658 2631 τὴν
681 2549 956 2631 παροῦσανῙ).

434 2705 533 2788 Quae
572 2682 743 2774 rhetorum
779 2715 957 2791 praecepta
991 2715 1126 2774 secutus
1161 2714 1291 2791 praeter
1325 2705 1527 2790 Dionysium
1562 2707 1660 2774 etiam

326 2830 579 2916 Appianus2)
600 2833 834 2916 comparando
850 2832 993 2917 gloriam
1011 2833 1139 2916 imperii
1156 2831 1298 2902 Romani
1315 2839 1414 2916 auget
1428 2832 1599 2915 (prooem.
1611 2834 1660 2914 8l:

327 3046 451 3128 ἔθη...
487 3048 545 3110 οὐκ
569 3049 636 3130 ἔχω
660 3057 729 3122 πῶς
754 3050 913 3113 ἐπαινέσω
946 3050 986 3113 τά
1010 3073 1045 3113 τε
1065 3046 1333 3131 Λακεδαιμονίων
1367 3045 1422 3110 καί
1446 3046 1485 3110 τὰ
1510 3045 1574 3110 τῶν
1595 3043 1663 3127 Θη-

326 3135 428 3218 βαίων
460 3133 515 3198 καί
548 3146 673 3201 τῶν...
709 3137 898 3220 Ἀθηναίων,
932 3141 987 3202 οἳ.
1010 3187 1045 3199 ..
1081 3139 1138 3220 τὴν
1170 3137 1263 3201 πόλιν
1294 3137 1503 3218 ἠδυνήθησαν
1534 3137 1571 3200 ἐκ
1604 3141 1663 3217 τῆς

328 3234 513 3308 συμφορᾶς.
528 3274 534 3286 .
549 3274 555 3287 .
573 3225 761 3307 ἀναλαβεῖν.
777 3276 804 3288 ..
825 3229 845 3309 ἡ
861 3228 895 3292 δὲ
912 3226 1084 3310 Ῥωμαίων
1103 3225 1195 3301 πόλις
1210 3237 1319 3304 (omnes
1340 3234 1530 3288 difficultates
1545 3245 1663 3302 supera-

328 3321 392 3390 vit),
413 3335 477 3375 cum
498 3337 582 3394 regno
602 3325 792 3378 Macedonum
813 3326 861 3378 lib.
880 3327 888 3378 1
908 3327 935 3393 3,
953 3329 985 3392 5;
1005 3326 1042 3378 ci.
1063 3324 1251 3379 Menandrum
1278 3326 1318 3377 111
1338 3325 1402 3390 377,
1420 3325 1448 3379 8.
1515 3311 1518 3320 “

435 3427 560 3491 1)Haec
598 3431 760 3499 imperii
800 3419 1025 3486 Alexandri
1064 3434 1102 3485 et
1138 3433 1406 3490 Romanorum
1443 3430 1662 3494 contentio

306 3513 398 3571 'artis
428 3520 585 3572 rhetoricae
618 3520 725 3590 legibus
757 3523 871 3575 videtur
901 3522 1077 3590 respondisse
1103 3522 1151 3590 (ci.
1174 3521 1282 3590 Dionys
1307 3522 1363 3586 13,
1382 3516 1420 3583 5).
1469 3520 1542 3572 Nam
1573 3518 1663 3571 etiam

331 3608 470 3661 Livius
508 3610 612 3662 maiore
645 3624 765 3662 excursu
800 3611 862 3679 (lib.
888 3611 927 3662 lX
956 3608 1072 3673 17--19)
1122 3611 1319 3678 quaestionem
1357 3611 1485 3662 tractans
1524 3608 1663 3676 „quinam

327 3700 449 3750 eventus
481 3698 617 3755 Romanis
650 3700 744 3765 rebus,
777 3701 798 3752 si
829 3713 893 3752 cum
925 3700 1088 3754 Alexandro
1121 3701 1196 3753 foret
1230 3700 1377 3765 bellatum,
1406 3698 1522 3751 iuturus
1555 3694 1663 3750 tuerit“

328 3787 386 3855 (lX
409 3787 450 3852 17,
471 3783 509 3852 2),
536 3787 701 3856 diligentem
732 3789 887 3842 Alexandri
913 3790 942 3841 et
974 3789 1169 3846 Romanorum
1201 3788 1444 3856 comparationem
1477 3787 1604 3864 praebet,
1633 3788 1665 3838 et

331 3876 474 3932 Romanos
491 3877 615 3930 militum
628 3878 725 3944 copiiS,
741 3878 946 3945 imperatorum
963 3879 1090 3946 ingentia,
1107 3879 1170 3931 belli
1186 3879 1303 3931 fortuna
1315 3878 1478 3930 Alexandro
1489 3875 1664 3944 superiorem

327 3978 386 4020 esse
411 3953 588 4033 argumentis
613 3967 760 4020 rhetoricis
784 3966 969 4034 comprobare
989 3969 1097 4021 studet.
1114 3974 1117 3980 '
1138 3967 1275 4021 Similiter
1300 3967 1326 4018 in
1353 3966 1504 4019 Iuliani
1529 3963 1664 4019 convivio

328 4051 562 4122 (saue-325&
604 4058 634 4108 et
675 4056 701 4108 in
742 4056 978 4108 Mamertini
1022 4058 1048 4108 in
1091 4057 1300 4108 Maximianum
1338 4056 1467 4109 encomio
1508 4056 1664 4124 (Paneg.

330 4145 410 4197 Lat.
433 4144 459 4196 X
484 4145 524 4210 10,
548 4133 698 4205 3)'laudes
723 4145 866 4198 tactorum
888 4145 1013 4198 Caesaris
1038 4146 1263 4214 amplificantur,
1287 4158 1351 4198 cum
1372 4145 1559 4213 opponuntur
1577 4142 1663 4196 rebus

328 4233 364 4286 ab
385 4233 548 4287 Alexandro
568 4235 663 4302 gestis
1579 4229 1582 4237 '

435 4336 457 4403 ²)
478 4341 621 4394 Nonnulla
641 4342 676 4393 ad
697 4342 770 4393 hanc
791 4341 989 4409 quaestionem
1005 4342 1179 4408 pertinentia
1195 4342 1321 4410 collegit:
1341 4342 1372 4396 G.
1391 4341 1530 4407 Kaibel
1554 4341 1664 4410 Diony-

328 4429 383 4482 sios
404 4445 460 4484 von
482 4429 659 4483 Halikarnass
690 4430 748 4482 und
769 4431 812 4483 die
836 4431 993 4498 Sophistilr,
1015 4431 1111 4484 Herm.
1129 4431 1186 4482 XX
1210 4431 1287 4496 1885,
1308 4446 1334 4498 p.
1349 4431 1402 4485 497
1417 4444 1470 4496 sq.,
1490 4431 1539 4484 ubi
1555 4431 1665 4501 Diony-

328 4519 400 4572 sium
429 4520 502 4572 hanc
536 4520 780 4588 comparationem
811 4520 929 4590 Polybio
959 4521 1059 4573 debere
1088 4551 1125 4584 ,-
1153 4521 1180 4574 id
1211 4522 1286 4588 quod
1314 4520 1395 4572 facile
1416 4520 1596 4574 concedimus
1617 4550 1664 4588 -‚

329 4608 491 4676 Appianum
512 4612 609 4662 autem
638 4611 668 4661 et
687 4609 842 4663 Aristidem
870 4624 906 4662 ex
933 4610 1014 4663 fonte
1036 4609 1208 4678 Dionysiaco
1236 4609 1362 4662 hausisse
1391 4609 1584 4664 contenditur.
1622 4591 1665 4664 At
