3682 5520
332 362 375 426 34

265 593 303 634 aa
331 576 383 664 v5.
440 572 592 640 lictilibus
617 590 748 640 crevere
773 571 843 640 deis
869 573 952 639 lraec
976 589 1078 640 aurea
1102 572 1235 654 templa,

283 717 302 758 Α
491 715 552 764 nec
575 697 635 763 luit
659 696 846 780 obprobrio
871 696 957 764 iacta
981 693 1053 763 sine
1077 701 1146 762 arte
1168 714 1256 774 casa,

242 841 300 891 Aru
436 819 665 906 Tarpeiusque
690 829 783 905 pater
809 821 897 889 nuda
921 821 971 890 de«
987 839 1070 905 rupe
1093 821 1240 898 tonabat,

244 965 300 1016 Anu
490 955 522 1014 et
544 939 673 1014 Tiberis
698 948 822 1014 nostris
846 945 974 1015 advena
999 946 1109 1014 bubus
1132 952 1210 1012 erat.

203 1105 205 1110 ·
282 1091 301 1132 Α
436 1089 502 1156 qua
526 1071 683 1156 gradibus
707 1071 831 1139 domus
856 1073 917 1138 ista
942 1071 1034 1141 Remi
1059 1090 1096 1138 se
1120 1071 1259 1149 sustulit,
1283 1071 1390 1138 olim

181 1304 183 1312 Ι
260 1263 263 1269 .
333 1217 380 1281 10.
494 1231 582 1280 unus
606 1221 676 1280 erat
699 1213 835 1280 fratrum
862 1196 1135 1298 maxima'regna
1158 1213 1279 1281 locus.

285 1357 302 1400 u
437 1340 536 1417 curia,
562 1346 734 1424 praetexto
759 1357 846 1423 quae
871 1310 986 1406 nunc
1011 1340 1090 1406 nitet
1113 1339 1179 1406 alta
1202 1346 1330 1416 senatu,
1374 1423 1378 1429 Ι

282 1501 301 1542 Α
493 1463 625 1548 pellitos
651 1464 765 1531 habuit
790 1465 910 1532 rustica
933 1464 1037 1532 corda
1063 1472 1182 1548 patres.

437 1589 557 1656 bucina
582 1589 726 1673 cogebat
750 1591 881 1675 priscos
906 1591 947 1656 ad
971 1594 1071 1656 verba
1087 1587 1248 1673 Quirites:

489 1721 622 1781 centum
649 1714 690 1781 illi
714 1691 748 1780 in
776 1722 871 1808 prato
896 1732 998 1798 saepe
1022 1723 1159 1782 senatus
1177 1706 1261 1780 'erat
1292 1808 1297 1816 Ι

161 1873 188 1916 a.
204 1874 257 1916 uua
284 1875 301 1918 a
332 1839 380 1922 1'5.
440 1875 501 1924 nec
525 1858 665 1924 sinuosa
690 1874 774 1924 cavo
800 1856 990 1942 pendebant
1013 1856 1086 1923 vela
1109 1858 1249 1935 theatro,

141 1945 274 1993 ”⁸⁰³⁸
490 1981 615 2064 pulpita
640 1982 816 2049 sollemnis
841 1999 910 2049 non
936 1983 1051 2048 oluere
1076 1999 1209 2049 crocos.

436 2106 514 2172 nulli
540 2125 618 2174 cura
642 2106 702 2173 fuit
725 2113 883 2174 externos
907 2125 1067 2190 quaerere
1092 2106 1196 2185 divos
1408 2198 1411 2207 Ι

281 2249 300 2290 Α
489 2250 564 2297 cum
590 2238 746 2299 tremeret
770 2233 879 2314 patrio
904 2233 1049 2314 pendula
1073 2231 1168 2298 turba
1191 2249 1300 2310 sacro,
1331 2277 1333 2282 ,

436 2369 617 2439 annuaque
642 2373 788 2423 accenso
813 2356 981 2422 celebrare
1006 2355 1123 2422 Parilia
1148 2355 1258 2434 laeuo,
1287 2390 1290 2395 ·

283 2515 300 2558 a
328 2500 379 2564 20.
492 2499 603 2581 qualia
629 2516 745 2565 nunc
768 2505 864 2593 curto
889 2498 991 2592 lustra
1017 2506 1182 2566 novantur
1206 2515 1306 2582 equo.

154 2849 157 2856 ,
273 2803 299 2844 u
326 2785 378 2850 55.
439 2784 568 2866 optima
595 2785 758 2849 nutricum
786 2785 918 2860 nostris,
943 2784 1021 2866 lupa
1045 2783 1173 2862 Martia,
1198 2784 1305 2862 rebus

282 2927 298 2969 a
487 2907 598 2991 qualia
623 2914 797 2975 creverunt
821 2910 958 2975 moenia
982 2909 1066 2975 lacte
1089 2909 1182 2975 tuol‘

328 3049 434 3116 Etiam
460 3049 612 3118 subtilius
647 3051 747 3129 idem,
770 3057 872 3134 poeta
905 3052 1196 3134 comparationem
1232 3070 1342 3120 novae
1375 3061 1407 3118 et
1430 3054 1548 3119 veteris
1572 3052 1663 3120 urbis

317 3175 453 3258 *perlicit
881 3164 883 3171 ’

487 3318 539 3385 lib.
564 3317 604 3384 lv
629 3323 658 3396 4,
683 3309 807 3384 9-14':

278 3463 298 3504 Λ
432 3442 540 3526 „Quid
564 3451 653 3510 tum
681 3442 788 3512 Roma
812 3443 880 3519 fuit,
903 3442 1035 3510 tubicen
1060 3444 1167 3510 vicina
1191 3443 1320 3512 Curetis

485 3588 562 3634 cum
587 3574 738 3652 quateret
762 3567 853 3634 lento
879 3587 1050 3635 murmure
1073 3587 1156 3635 saxa
1180 3570 1273 3648 lovis,
1305 3617 1311 3641 i

281 3729 298 3772 Β
357 3737 359 3741 -
432 3700 531 3776 atque
557 3693 611 3759 ubi
637 3711 752 3760 nunc
776 3694 870 3760 terris
896 3693 1050 3761 dicuntur
1074 3695 1145 3761 iura
1169 3694 1325 3773 subactis,

278 3837 298 3877 Α
485 3818 619 3885 stabant
643 3815 802 3888 Romano
827 3818 893 3900 pila
918 3817 1043 3885 Sabina
1065 3818 1169 3886 loro?

204 3947 207 3952 '
260 3960 297 4003 aa
433 3961 549 4010 murus
574 3950 668 4009 erant
692 3917 842 4020 montes;
878 3943 931 4008 ubi
967 3962 1083 4010 nunc
1116 3950 1166 4010 est
1198 3945 1289 4010 curia
1319 3952 1445 4028 saepta,

278 4086 297 4127 A
487 4068 624 4135 lerneus
649 4086 689 4133 ex
714 4066 888 4174 irrorante
913 4043 1046 4134 urue'uat
1070 4076 1204 4152 equusf‘

432 4211 546 4294 Quam
582 4211 835 4278 contentionem
871 4209 1070 4276 rhetoricam
1106 4211 1137 4276 in
1168 4209 1340 4278 Tibulli
1375 4230 1512 4296 quoque
1544 4213 1663 4280 carmi·

326 4334 423 4401 nibus
448 4333 598 4418 legimus
622 4336 752 4402 etiamsi
789 4335 830 4400 ab
857 4336 923 4402 lroc
949 4342 1051 4418 poeta
1085 4354 1154 4403 non
1189 4344 1256 4403 tam
1291 4331 1445 4404 accurate
1469 4337 1598 4405 exculta
1621 4340 1664 4405 sit

324 4478 425 4543 quam
452 4478 471 4527 a
496 4458 683 4543 Propertio.
726 4457 853 4526 Tamen
888 4460 941 4526 nic
973 4460 1088 4538 allero,
1125 4462 1320 4545 praesertim
1355 4480 1429 4528 cum
1455 4462 1521 4529 lios
1544 4481 1663 4531 versus

325 4582 467 4652 Ovidius
492 4586 523 4650 in
549 4584 703 4652 laudibus
727 4584 855 4654 Romae
881 4585 1132 4669 antiquissimae
1156 4603 1260 4669 saepe
1285 4588 1431 4654 imitatus
1454 4588 1504 4666 sit,
1519 4584 1660 4672 Tibull.

326 4707 401 4787 ll.5‚
427 4712 566 4795 21-34,
593 4710 738 4778 55-50:
916 4705 919 4712 '
1549 4701 1552 4709 ’
