3682 5520
342 317 381 381 lo

246 615 247 618 Ἴ
338 527 542 595 Cassiod.
565 545 632 594 var.
648 525 700 592 Vll
725 529 754 608 9,
779 507 936 603 2:'„du0
969 527 1093 611 quippe
1117 524 1260 593 Tiberini
1297 526 1378 592 alvei
1413 533 1544 593 meatus
1568 541 1667 594 orna·

169 627 172 635 ¹
336 654 482 720 tissimas
516 653 661 719 civitates
694 659 864 734 tamquam
899 640 969 719 duo
1004 652 1129 719 lumina
1161 659 1390 736 susceperunt,
1424 671 1465 718 ne
1489 657 1667 721 vacareta

337 780 441 863 gratia
464 777 556 862 quod
580 783 692 844 tantae
717 779 787 844 urbi
822 777 1029 844 ministrabat
1053 784 1238 861 expensas“
1271 783 1303 844 et
1327 775 1527 846 Rutilius
1553 775 1562 842 Ι
1589 779 1665 843 179:

818 953 1002 980 .........
1004 901 1114 970 ironte
1139 903 1267 969 bicorni

643 1118 644 1128 ἵ
718 1026 871 1094 dividuus
893 1025 1021 1095 Tiberis
1046 1026 1234 1095 dexteriora
1257 1035 1356 1094 secat.

604 1133 733 1222 Laevu's
757 1154 936 1220 inaccessis
960 1153 1080 1234 fluvius
1104 1153 1223 1219 vitatur
1246 1155 1372 1232 arenis;

718 1279 861 1363 hospitis
885 1279 1019 1346 Aeneae
1043 1278 1151 1363 gloria
1174 1278 1250 1346 sola
1264 1285 1415 1386 'manel‘fl

232 1405 234 1408 ’
338 1405 422 1473 Huic
462 1403 555 1493 Rutili
592 1404 710 1484 versui,
745 1405 776 1470 in
814 1420 883 1488 quo
910 1404 1070 1471 *laudatio
1096 1402 1191 1469 ‘fluvii
1226 1421 1246 1468 a
1278 1404 1511 1471 vetustissimis
1545 1403 1669 1490 'fabulis

243 1565 247 1573 ·
336 1531 472 1615 repetita
498 1530 668 1608 invenitur,
702 1529 733 1596 id
758 1529 849 1613 quod
875 1529 974 1614 plane
1007 1547 1047 1595 ex
1072 1546 1135 1595 usu
1160 1528 1365 1595 scholastico
1390 1530 1481 1612 esl1),
1514 1529 1668 1596 addimus

336 1655 477 1722 similem
511 1655 622 1722 locum
649 1652 765 1721 Pane
776 1655 1035 1738 gyricorum
1073 1653 1140 1721 Lat.
1166 1652 1221 1720 Xll
1249 1656 1297 1731 18,
1325 1656 1356 1719 l:
1390 1653 1530 1732 „Sancte
1560 1653 1668 1738 Tybri,

336 1779 508 1866 quondam
535 1779 741 1864 hospitis
775 1779 925 1846 monitor
949 1779 1144 1856 Aeneae,
1180 1768 1417 1847 mox‘Romuli
1449 1784 1669 1845 conservator

335 1906 487 1990 expositi,
520 1912 554 1971 tu
589 1923 650 1971 nec
684 1903 803 1971 laisum
831 1902 1012 1973 Romulum
1047 1902 1102 1970 diu
1127 1905 1237 1970 vivere
1269 1923 1329 1971 nec
1354 1903 1552 1988 parricidam
1579 1872 1669 1969 urbis

337 2049 459 2115 passus
483 2049 520 2096 es
543 2035 732 2097 enatare...
779 2031 808 2096 2.
839 2029 956 2113 Neque
980 2029 1068 2094 enim
1094 2023 1229 2113 semper
1252 2047 1288 2096 es
1314 2029 1449 2114 rapidus
1473 2036 1504 2096 et
1527 2011 1668 2106 torrens,

335 2155 394 2222 sed
420 2173 483 2241 pro
507 2163 700 2240 temporum
727 2155 856 2221 ratione
890 2153 1166 2221 moderatus.
1214 2151 1262 2220 Tu
1289 2155 1473 2237 quietus
1502 2159 1666 2220 armatum

336 2280 497 2348 Coclitem
521 2281 684 2359 revexisti,
709 2281 764 2347 tibi
790 2297 827 2348 se
852 2278 985 2363 placido
1011 2278 1138 2346 Cloelia
1162 2259 1257 2362 v'irgo
1281 2280 1477 2346 commisit.“
1585 2289 1589 2302 '

442 2405 598 2474 Similiter
613 2412 734 2482 autem,
759 2411 857 2489 atque
878 2404 944 2470 lroc
961 2404 1040 2471 loco
1054 2402 1182 2470 Tiberis
1199 2403 1430 2482 „moderatus‘
1452 2411 1484 2472 et
1501 2407 1669 2489 „quietus“

335 2522 531 2616 appellatus
545 2538 603 2609 est,
627 2531 831 2614 scripserunt
855 2528 935 2597 Ovi
950 2530 978 2596 d.
993 2529 1014 2596 l.
1032 2529 1041 2594 l
1055 2532 1135 2596 241¹:
1162 2551 1202 2613 „p
1213 2531 1221 2597 l
1232 2500 1252 2592 a
1264 2547 1281 2594 c
1293 2530 1300 2595 i
1312 2529 1331 2594 d
1344 2531 1352 2594 i
1364 2547 1380 2596 s
1391 2549 1407 2596 s
1419 2531 1425 2594 i
1439 2548 1502 2596 ma
1583 2529 1669 2616 Tlry-

336 2656 436 2725 bridis
462 2655 577 2734 unda“,
602 2655 779 2721 Plinius
799 2652 837 2721 N.
855 2653 892 2720 ll.
908 2653 941 2721 lll
963 2657 1021 2722 54:
1049 2674 1179 2733 „rerum
1201 2657 1231 2721 in
1253 2661 1328 2721 toto
1352 2656 1435 2721 orbe
1461 2658 1668 2723 nascentium

336 2788 503 2851 mercator
535 2774 919 2864 placidissimum,
957 2763 1216 2848 Rutilius:
1253 2781 1527 2865 ,placidis...
1560 2782 1668 2864 ripis.“

441 2903 526 2973 Tum
542 2903 670 2972 Tiberis
686 2923 752 2971 rex
776 2905 1006 2971 fluviorum
1029 2905 1256 2973 nominatura
1277 2904 1508 2988 Dionysio
1528 2907 1599 2973 orb.
1615 2904 1670 2972 de-

282 3007 285 3012 ¹
334 3050 395 3098 scr.
419 3033 484 3098 352
508 3049 557 3114 sq.
581 3030 801 3115 (Muellem
827 3028 952 3114 (ieogr.
977 3029 1095 3097 Graec.
1121 3030 1143 3097 ll
1172 3031 1262 3114 loll:

516 3154 661 3239 Θύμβρις
685 3157 891 3238 ἑλισσόμενος
914 3157 1059 3238 καθαρὸν
1082 3157 1157 3240 ῥόον
1181 3158 1227 3232 εἰς
1249 3159 1313 3221 ἅλα
1331 3157 1453 3239 βάλλει,
1551 3203 1556 3211 η

517 3280 661 3365 Θύμβρις
685 3282 857 3364 a'r'ipper‘rrpc9
882 3289 1038 3363 ποταμῶν
1062 3282 1083 3364 β
1091 3281 1361 3355 ασιλεύτατος
1384 3283 1501 3355 ἄλλων,

516 3404 672 3489 Θύμβρις,
698 3408 734 3480 ὃς
758 3406 889 3489 ἱμερτὴν
909 3406 1123 3487 ἀπατέμνειαι
1147 3407 1261 3488 ἄνδιχα
1285 3406 1417 3489 Ῥώμην
1507 3397 1510 3400 ’

332 3534 435 3616 (quos
460 3547 576 3596 versus
599 3529 753 3596 transfert
778 3527 1047 3595 Priscianus
1072 3528 1196 3611 Perieg.
1220 3533 1303 3597 348:

547 3672 710 3738 „quorum
737 3673 796 3738 per
820 3661 925 3750 terras
949 3654 1100 3722 discurrit
1125 3655 1155 3721 in
1182 3672 1332 3738 aequora
1349 3653 1456 3728 Tibris

549 3780 723 3863 regius,
749 3781 874 3862 irriguo
899 3779 1020 3845 dirimit
1045 3781 1099 3862 qui
1125 3781 1251 3863 gurgite
1277 3779 1455 3865 Romam‘)

333 3913 365 3972 et
389 3905 430 3972 ab
455 3913 633 3971 auctore
661 3918 862 3988 cosmogr.
887 3906 929 3971 25
953 3904 998 3988 (p.
1024 3895 1074 3981 83,
1099 3907 1119 3970 5
1155 3902 1316 3988 Riesel:
1342 3903 1552 3982 „fluviorum
1578 3925 1670 3984 rex,

333 4029 472 4114 pulcher
505 4026 642 4106 Tiberis,
685 4029 735 4094 cui
781 4029 958 4112 primatum
1001 4035 1154 4095 aeternae
1196 4029 1286 4096 urbis
1325 4027 1453 4098 Romae
1492 4031 1670 4116 singularis

332 4155 442 4220 nuun
467 4133 689 4237 magnitudo:
714 4152 862 4219 stmtrner
886 4171 1022 4236 quoque
1046 4152 1222 4219 Statius
1246 4153 1322 4220 utcu
1349 4155 1433 4238 (εον.
1458 4154 1491 4220 ιιι
1517 4159 1545 4228 s,
1576 4141 1672 4239 mn

332 4279 470 4357 „ductor
493 4296 656 4362 aquarum
681 4276 850 4361 Thybris‘.

441 4499 464 4566 1)
485 4502 575 4557 Docet
594 4503 669 4556 enim
692 4502 922 4572 Dionysius
944 4503 1010 4558 Hal.
1030 4507 1086 4558 art.
1106 4505 1180 4558 rlret.
1204 4503 1227 4569 l,
1246 4504 1263 4557 3
1283 4505 1324 4572 (ρ.
1343 4506 1408 4570 257,
1431 4501 1488 4567 ill:
1519 4495 1605 4558 εἰδὲ
1629 4496 1668 4579 ὃν)

331 4584 387 4648 καὶ
409 4584 514 4665 μῦθος
537 4585 588 4666 εἴη
612 4583 785 4667 λεγόμενός
816 4607 865 4658 τις
895 4584 970 4666 περὶ
991 4590 1050 4665 τῆς
1077 4585 1205 4658 πόλεως
1238 4593 1329 4660 (quud
1361 4594 1448 4647 etiam
1478 4595 1512 4647 de
1541 4593 1669 4649 fluminis

334 4683 416 4736 laude
438 4682 532 4735 valere
551 4678 670 4751 potest),
690 4673 777 4737 οὕτω
799 4674 838 4736 ἂν
861 4673 916 4736 καὶ
939 4673 1061 4756 πολλὴν
1083 4672 1271 4756 γλυκύτητα
1295 4674 1364 4755 ἔχοι
1388 4674 1406 4736 ὁ
1429 4674 1537 4758 λόγος.
