3682 5520
274 1519 436 1657 praeter
457 1558 606 1652 hymnos
638 1561 790 1645 deorum,
825 1562 1236 1647 laudationesiunebres,
1269 1568 1426 1638 encomia
1459 1567 1489 1638 in

160 1705 257 1776 reges
280 1692 330 1759 vel
355 1695 446 1760 viros
470 1693 713 1761 illustrissimos
736 1692 822 1758 lacta
846 1695 943 1759 etiam
971 1694 1123 1777 permulti
1149 1697 1338 1780 panegyrici
1362 1704 1491 1762 exarte
1515 1779 1516 1786 ἵ

160 1817 325 1884 rhetorica
341 1818 403 1884 orti
421 1794 638 1894 inveniuntur,
664 1818 784 1900 quibus
809 1792 909 1883 urbes
933 1818 1099 1902 quaedam
1125 1819 1279 1887 laudibus
1302 1811 1491 1887 efferuntur.
1552 1889 1555 1892 .

159 1941 266 2026 Atque
290 1942 355 2008 iarn
381 1941 530 2027 Gorgiae
555 1943 604 2009 vel
629 1943 858 2026 sophistarum
885 1945 1111 2028 antiquiorum
1136 1945 1347 2036 temporibus
1381 1951 1415 2010 ut
1438 1945 1491 2012 illa

159 2068 315 2134 encomia
341 2069 382 2134 ita
408 2069 538 2134 urbium
564 2084 700 2152 quoque
727 2067 842 2136 laudes
867 2070 897 2134 ln
924 2069 1051 2135 scholis
1075 2069 1322 2138 declamatoriis
1342 2070 1492 2138 excultae

159 2197 191 2258 et
214 2192 255 2258 ad
280 2200 368 2259 certa
393 2200 572 2287 praecepta
606 2211 786 2276 expressae
819 2193 970 2260 videntur
1003 2196 1121 2278 esse1).
1169 2193 1201 2262 ln
1227 2193 1381 2268 l'socratis
1404 2202 1491 2262 certe

161 2319 363 2401 panegyrico
398 2319 591 2385 Atheniensi
624 2305 689 2402 (or.¹
713 2317 777 2403 llll,
819 2335 906 2403 quae
939 2324 1045 2384 exstat
1079 2318 1186 2401 prima
1219 2319 1293 2385 laus
1327 2319 1417 2385 urbis
1450 2319 1490 2385 ad

160 2449 264 2508 artem
299 2444 511 2510 rhetoricam·
536 2450 700 2521 revocata,
739 2444 857 2510 eadem
897 2443 1016 2510 divisio
1054 2443 1260 2528 eaedemque
1298 2445 1490 2510 summatim

161 2574 271 2649 partes
295 2569 513 2646 inveniuntur,
538 2588 622 2654 quas
647 2570 678 2635 ln
695 2570 906 2636 orationibus
921 2569 1097 2645 secundae,
1122 2587 1208 2653 quae
1228 2569 1352 2645 dicitur,
1376 2569 1492 2635 aetatis

159 2692 365 2774 sophisticae
390 2695 539 2778 legimus
571 2701 669 2778 atque
694 2669 843 2760 Athenae
868 2695 1016 2785 similiter
1040 2693 1248 2761 celebrantur
1277 2711 1315 2759 ac
1340 2693 1492 2760 rhetores

160 2820 363 2886 recentiores
398 2819 496 2885 urbes
530 2820 715 2887 laudandas
748 2839 823 2886 esse
860 2813 991 2886 docent.
1038 2803 1138 2902 Quae
1176 2824 1355 2902 praecepta
1393 2820 1492 2885 scho-

161 2942 273 3008 lastica
297 2945 356 3010 etsi
392 2945 547 3011 interiore
579 2952 684 3011 aetate
718 2944 906 3028 singillatim
942 2946 1127 3010 accuratius
1162 2945 1340 3010 constituta
1374 2951 1406 3010 et
1438 2961 1491 3010 ex·

162 3069 270 3150 posita
295 3085 370 3135 esse
395 3086 464 3136 non
479 3083 651 3166 negamus,
676 3076 789 3137 tamen
809 3070 963 3136 universe
980 3070 1044 3135 ianr
1068 3069 1109 3135 ad
1132 3076 1238 3135 certas
1254 3069 1344 3151 leges
1360 3047 1492 3135 redacta
1541 3093 1544 3098 ·

160 3193 310 3260 videntur
332 3193 444 3270 tuisse,
478 3214 553 3262 cum
580 3194 722 3264 Romani
749 3196 892 3277 primum
927 3194 968 3261 ad
1004 3194 1085 3260 haec
1109 3192 1218 3272 studia
1251 3193 1492 3260 declamatoria

159 3335 195 3383 se
219 3318 440 3386 contulerunt.
476 3319 587 3404 ltaque
613 3321 733 3385 mirum
761 3337 830 3385 non
856 3326 914 3396 est,
939 3318 1031 3402 quod
1056 3325 1088 3384 et
1112 3325 1233 3401 poetae
1259 3329 1290 3384 et
1309 3319 1492 3401 scriptores

161 3441 273 3521 latini,
306 3463 383 3510 curn
410 3443 553 3514 Romam
580 3444 723 3521 laudant,
758 3445 819 3528 ipsi
854 3461 991 3528 quoque
1027 3443 1101 3525 plus
1126 3444 1278 3508 minusve
1312 3461 1352 3508 ex
1376 3443 1427 3509 his
1451 3443 1492 3509 de
1554 3535 1557 3545 k

161 3567 297 3635 urbibus
331 3568 505 3635 laudandis
538 3571 724 3652 praeceptis
758 3566 968 3634 Graecorum
1006 3567 1158 3651 pendent.
1205 3565 1282 3634 lloc
1311 3567 1491 3636 collatione

160 3691 293 3758 laudum
321 3691 458 3772 Romae,
491 3713 578 3778 quae
611 3701 741 3760 exstant
775 3687 863 3776 apud
888 3694 1071 3777 scriptores
1095 3699 1291 3776 poetasque,
1324 3699 1356 3760 et
1381 3692 1490 3775 legum

159 3805 434 3885 scholasticarum
461 3817 692 3886 demonstrare
717 3819 748 3884 in
775 3820 890 3884 animo
916 3818 1036 3884 habeo,

266 3943 477 4010 inveniuntur
509 3945 597 4010 enim
631 3945 709 4011 talia
743 3951 922 4027 praecepta
956 3943 1242 4025 apud'auctorem
1277 3944 1355 4008 artis
1381 3943 1491 4010 rheto-

160 4071 245 4136 ricae
269 4068 356 4135 ialso
382 4065 550 4152 Dionysio
576 4067 861 4135 halicarnassensi
887 4065 1105 4152 vindicatae2)
1138 4074 1170 4133 et
1203 4068 1233 4133 in
1269 4067 1381 4133 incerti
1414 4085 1492 4132 auc·
1575 4137 1576 4140 ,

158 4197 364 4204 ...w-⁴..

266 4253 288 4320 ¹)
310 4257 509 4324 soph-istarum
531 4260 702 4326 argumenta
722 4260 757 4310 ad
778 4257 897 4326 gloriam
913 4256 1092 4310 Athenarum
1109 4256 1223 4322 prolata
1239 4268 1344 4323 magna
1357 4267 1392 4308 ex
1409 4257 1490 4321 parte

159 4347 214 4400 iarn
244 4347 345 4416 quinto
377 4347 490 4400 saeculo
520 4347 548 4398 in
578 4347 731 4415 tragoediis
760 4349 790 4400 et
818 4346 996 4400 orationibus
1026 4345 1194 4404 funebribus
1224 4344 1332 4398 ottendi
1362 4345 1491 4397 ostendit

160 4437 247 4490 Otto
271 4437 489 4490 schroeder:
512 4436 554 4488 De
581 4436 713 4489 laudibus
734 4436 915 4489 Athenarum
936 4449 952 4487 a
970 4436 1064 4502 poetis
1086 4435 1202 4502 tragicis
1222 4435 1251 4486 et
1272 4434 1308 4486 ab
1328 4433 1491 4487 oratoribus

159 4526 317 4592 epidicticis
337 4525 469 4591 excultis,
489 4525 556 4580 diss.
579 4525 709 4593 Gotting.
734 4526 812 4579 tort.
1480 4583 1483 4588 ,

267 4611 289 4677 ¹)
310 4603 412 4687 Τέχνη
427 4605 500 4688 περὶ
514 4613 580 4669 τῶν
592 4613 821 4687 πανηγυρικῶν
836 4616 880 4667 ed.
904 4612 1321 4669 Usener-Rademacher
1341 4611 1446 4666 vol..ll
1472 4614 1495 4676 l,

160 4717 186 4770 p.
207 4705 260 4758 255
280 4717 322 4776 sq.

1338 4795 1348 4847 l
