3682 5520
343 307 388 370 64

342 517 507 601 ἀγορὰν
534 519 710 602 παρελθὼν
737 519 795 602 τὴν
825 519 960 602 ἀρχαίαν
989 520 1087 602 ἄλλην
1111 519 1146 593 ἒξ
1170 519 1269 602 ἄλλης
1299 518 1360 584 ἴδοι
1388 495 1676 604 παραβεβλημένην

341 642 441 726 ταύτῃ
461 643 516 706 καὶ
534 643 705 724 βασιλικὰς
729 642 828 719 στοὰς
852 644 907 708 καὶ
930 644 1079 720 ναούς,
1106 646 1168 708 ἴδοι
1191 645 1225 708 δὲ
1250 645 1304 708 καὶ
1328 645 1365 709 τὸ
1386 643 1676 710 Καπιτώλιον

342 767 397 831 καὶ
421 767 460 831 τὰ
485 767 678 834 ἐνταῦθα
702 769 781 852 ἔργα
804 769 860 832 καὶ
884 769 923 832 τὰ
947 770 980 832 ἐν
1011 775 1057 852 τῷ
1079 769 1294 854 Παλατίῳ
1325 770 1450 854 καὶτῷ
1481 777 1538 852 τῆς
1559 770 1676 852 Λιβίας

342 894 585 976 περιπάτῳ,
615 893 734 978 ῥᾳδίως
758 892 925 958 ε’κλάδοιτ’
950 896 988 956 ἂν
1013 902 1077 957 τῶν
1100 891 1233 995 ἔξωθεν.
1266 894 1399 976 τοιαύτη
1423 895 1524 977 μὲνὴ
1550 894 1674 976 Ῥώμη.

449 1035 711 1102 Ammianus
735 1053 843 1102 vero
864 1035 1202 1120 Marcellinus1)
1226 1037 1426 1104 Antiochiae
1452 1043 1549 1102 natus
1573 1037 1675 1103 histo-

343 1161 465 1226 riarum
500 1160 598 1238 libris
633 1179 708 1226 cum
735 1157 920 1228 Constantii
955 1161 1167 1248 imperatoris
1201 1162 1231 1228 in
1267 1162 1382 1228 urbem
1417 1161 1587 1228 introitum
1621 1161 1676 1227 de-

343 1285 462 1363 scribit,
487 1284 619 1352 laudem
646 1285 758 1352 inserit
782 1302 924 1368 operum
952 1284 1079 1354 Romae
1105 1286 1409 1363 celeberrimorum,
1442 1305 1529 1370 quae
1562 1288 1677 1370 paucis

280 1449 284 1456 -
343 1410 577 1477 admirationis
610 1410 717 1477 verbis
749 1409 872 1478 tollens
905 1419 1079 1477 enumerat
1120 1410 1379 1496 (xvl10,14):
1423 1411 1560 1489 „deinde
1594 1413 1677 1478 intra

343 1541 471 1618 septem
498 1535 663 1600 montium
689 1535 844 1612 culmina,
876 1553 935 1620 per
959 1535 1160 1602 adclivitates
1189 1535 1426 1620 planitiemque
1452 1538 1561 1621 posita
1587 1537 1678 1603 urbis

345 1661 495 1726 membra
529 1659 745 1747 ‚conlustrans
783 1667 814 1726 et
845 1661 1048 1738 suburbana,
1090 1655 1248 1745 quidquid
1287 1661 1412 1728 viderat
1447 1662 1602 1745 primurn,
1647 1660 1677 1725 id

345 1786 491 1851 eminere
524 1784 607 1851 inter
639 1784 703 1850 alia
738 1791 856 1852 cuncta
890 1758 1059 1868 sperabat:
1104 1784 1226 1853 lovis
1264 1780 1428 1869 Tarpei
1472 1786 1679 1861 delubra,

230 1946 232 1950 ·
292 1961 315 1990 „
344 1916 505 1994 quantum
530 1911 668 1976 terrenis
693 1909 801 1975 divina
831 1892 1049 1994 praecellunt:
1085 1911 1269 1977 lavacra
1303 1912 1333 1978 in
1370 1910 1509 1980 modum
1545 1912 1678 1994 provin-

345 2036 469 2101 ciarum
504 2040 666 2101 extructa:
701 2035 1029 2118 amphitheatri
1066 2036 1191 2102 molem
1218 2035 1396 2102 solidatam
1422 2036 1541 2120 lapidis
1564 2034 1680 2102 Tibur-

346 2160 403 2226 tini
429 2174 605 2244 compage,
630 2159 671 2225 ad
696 2161 790 2226 cuius
814 2162 1040 2226 summitatem
1066 2175 1164 2244 aegre
1188 2162 1274 2227 visio
1294 2161 1450 2249 humana
1468 2160 1678 2228 conscendit-2

301 2257 304 2262 .
347 2284 594 2352 Pantheum
620 2284 708 2351 velut
733 2286 905 2368 regionem
921 2292 1058 2352 teretem
1080 2286 1237 2369 speciosa
1253 2285 1447 2353 celsitudine
1463 2285 1679 2353 fornicatam:

315 2410 591 2494 elatosque
633 2409 833 2476 vertices
880 2409 1010 2476 scansili
1054 2417 1212 2494 suggestu
1261 2411 1479 2489 concharum,
1527 2412 1679 2493 priorum

347 2535 532 2618 principum
558 2535 762 2601 imitamenta
788 2542 969 2619 portantes,
1002 2543 1033 2602 et
1059 2535 1191 2602 Urbis
1214 2536 1352 2620 templ
1368 2555 1431 2602 um
1457 2535 1681 2619 torumque

338 2658 492 2736 Pacis,
534 2665 566 2725 et
608 2657 792 2743 Pompei
836 2660 1061 2726 theatrum
1104 2666 1137 2725 et
1174 2657 1342 2726 Odeum
1387 2667 1419 2726 et
1460 2635 1681 2739 Stadium,

347 2784 477 2868 aliaque
502 2785 585 2850 inter
609 2785 693 2851 haec
716 2784 840 2851 decora
867 2785 957 2852 urbis
980 2791 1166 2852 aeternae.“

453 2927 523 2994 Nec
547 2929 658 2995 minus
682 2926 983 3006 Claudianus,
1016 2928 1072 3012 qui
1107 2933 1209 3011 poeta
1234 2927 1452 2994 Alexandriae
1482 2935 1579 2995 natus
1603 2936 1682 3005 erat,

326 3053 577 3136 'compluribus
613 3055 797 3119 carminum
834 3054 917 3119 locis
947 3033 1089 3122 Romam
1116 3053 1254 3119 miratus
1278 3060 1335 3119 est.
1384 3051 1680 3122 Enumerationem

347 3184 457 3244 autem
484 3177 574 3243 urbis
598 3194 740 3261 operum
766 3179 954 3244 invenimus
979 3179 1010 3245 in
1037 3178 1088 3245 his
1112 3180 1263 3246 versibus
1295 3178 1350 3263 (Vl
1373 3173 1469 3244 'cons
1494 3177 1582 3245 Hon.
1607 3180 1681 3262 39):

345 3307 346 3312 ’
457 3319 554 3408 ,Non
579 3319 679 3386 aliurn
706 3328 792 3387 certe
816 3320 982 3404 decuit2)
1007 3321 1192 3389 rectoribus
1208 3321 1300 3388 orbis

454 3463 529 3514 esse
545 3445 656 3523 larem,
682 3445 842 3529 nulloque
867 3447 973 3526 magis
996 3463 1034 3512 se
1058 3446 1143 3513 colle
1169 3452 1318 3530 potestas

454 3669 477 3735 1)
501 3669 554 3732 Qui
575 3683 669 3724 rerum
688 3670 809 3738 scriptor
829 3672 884 3724 arti
914 3672 1072 3731 rhetoricae
1101 3671 1268 3739 aptissimus
1296 3670 1352 3724 fuit
1381 3671 1410 3723 et
1437 3683 1521 3738 saepe
1551 3684 1587 3724 ex
1614 3671 1684 3738 ipsis

347 3761 476 3815 lontibus
497 3760 673 3829 panegyricis
693 3760 790 3814 hausit
810 3761 859 3827 (ci.
881 3761 928 3814 lib.
951 3760 1020 3814 XVl
1043 3762 1067 3825 l,
1086 3761 1117 3813 3:
1140 3762 1194 3826 „ad
1216 3761 1394 3812 laudativam
1422 3773 1510 3827 paene
1531 3761 1684 3814 materiam

348 3845 542 3919 pertinebit“),
562 3851 589 3902 id
611 3850 687 3916 quod
707 3849 834 3903 ostendit
856 3850 1007 3904 Eduardus
1029 3849 1184 3903 Norden:
1208 3849 1399 3917 Kurrstprosa
1419 3863 1446 3916 p.
1467 3849 1529 3902 647.
1632 3845 1646 3850 ”

454 3936 477 4002 ²)
496 3938 566 3993 Aliis
588 3952 701 4006 quoque
722 3939 864 3992 nonnullis
888 3938 994 3996 Romae
1016 3939 1133 3991 laudum
1155 3939 1220 3992 locis
1236 3939 1366 3993 similiter
1382 3939 1552 4006 exprimitur
1568 3941 1684 3991 tantam

348 4029 448 4082 urbem
467 4029 586 4102 imperio
606 4027 722 4095 dignam
742 4040 801 4082 esse
821 4028 866 4080 vel
885 4029 983 4081 orbern
1004 4030 1145 4081 terrarum
1165 4029 1276 4097 dignius
1296 4029 1384 4095 caput
1403 4027 1507 4080 habere
1529 4041 1584 4080 non
1601 4041 1684 4095 posse

348 4119 393 4171 vel
413 4118 530 4172 similia:
551 4118 726 4184 scripserunt
745 4117 820 4170 enim
840 4117 1014 4171 Aristid.
1037 4117 1131 4169 XXVI
1153 4117 1183 4169 9:
1208 4109 1253 4182 εἰς
1272 4105 1300 4169 δ’
1322 4108 1420 4190 αὐτὴν
1440 4107 1497 4188 τὴν
1516 4107 1608 4172 πόλιν
1628 4109 1686 4170 καὶ

348 4197 422 4273 τοὺς
446 4204 503 4280 τῆς
526 4197 653 4271 πόλεως
673 4198 766 4279 ὅρους
791 4197 898 4260 ἰδόντα
920 4198 1037 4279 μηκέτι
1060 4196 1248 4279 θαυμάζειν,
1274 4197 1302 4260 εἰ
1324 4197 1386 4260 ὑπὸ
1410 4195 1570 4278 τοσαύτης
1589 4198 1686 4280 ἄρχε-

348 4309 401 4351 ται
423 4295 513 4352 πᾶσα
536 4287 556 4368 ἡ
580 4287 763 4368 οἰκουμένη,
790 4295 1020 4350 Cassiodor.
1049 4309 1110 4348 var.
1132 4296 1187 4348 Vll
1212 4298 1239 4361 5,
1271 4296 1298 4348 l:
1330 4295 1518 4363 „(Palatium,
1547 4291 1685 4358 aula)...

347 4387 417 4439 haec
437 4387 552 4440 nostrae
571 4387 639 4439 sunt
659 4385 871 4438 oblectamenta
901 4385 1059 4452 potentiae,
1089 4386 1197 4452 imperii
1225 4386 1327 4438 decora
1356 4371 1686 4449 iaciestestimonium

349 4475 527 4543 praeconiale
546 4488 753 4543 regnorum...
775 4474 1417 4539 talisdominusessecreditur,
1447 4474 1566 4540 quale
1596 4474 1686 4528 eius

348 4563 637 4617 habitaculum
667 4561 991 4634 comprobatur.“
1467 4559 1470 4563 ’

457 4654 576 4722 Propter
596 4653 718 4707 virtutes
743 4652 864 4710 Romam
885 4653 1003 4720 imperio
1024 4653 1139 4720 dignam
1161 4665 1219 4708 esse
1239 4653 1283 4706 his
1303 4652 1464 4705 invenimus
1485 4651 1687 4718 praedicatum
