3664 5512
1459 329 1501 395 97

170 537 296 606 dederit
329 535 474 624 (stoc),
509 557 611 623 quam
647 541 879 623 quaestionem
916 541 988 623 ipse
1023 539 1179 607 diiudicat
1214 542 1265 606 his
1300 537 1502 608 laudationis

171 665 280 731 verbis
312 662 583 748 (316Ε);ιἘγὼ
608 668 653 739 δέ,
685 647 733 731 dtr
762 668 831 748 μέν,
866 667 903 729 εἰ
936 666 1008 729 καὶ
1036 667 1145 730 πάνυ
1174 667 1280 749 πρὸς
1309 665 1502 750 ἀλλήλας

171 787 233 854 ἀεὶ
268 791 492 873 πολεμοῦσι
526 792 594 854 καὶ
627 792 892 874 διαφέρονται
933 789 1036 874 Τύχη
1074 791 1129 854 καὶ
1163 789 1313 873 Ἀρετὴ,
1349 792 1428 874 πρός
1463 816 1501 876 γε

169 914 364 998 τηλικαύτην
383 915 543 998 σύμπηξιν
567 914 667 998 ἀρχῆς
690 916 745 980 καὶ
769 915 933 999 δυνάμεως
956 916 1043 990 εἰκός
1062 915 1148 979 ἐστιν
1171 915 1268 990 αὐτὰς
1287 917 1502 998 σπεισαμένας

170 1041 335 1105 συνελθεῖν
346 1041 401 1104 καὶ
413 1040 630 1116 συνελθούσας
645 1041 866 1106 ἐπιτελειῶσαι
882 1041 937 1104 καὶ
950 1040 1257 1124 συναπεργάσασθαι
1272 1047 1337 1104 τῶν
1352 1039 1501 1124 ἀνθρωπ-

169 1166 269 1229 πίνων
292 1167 395 1249 ἔργων
419 1165 455 1230 τὸ
479 1165 661 1240 κάλλιστον,
686 1166 795 1248 ὀρθῶς
811 1166 959 1230 -ύπονοεῖν
982 1167 1089 1247 οἴομαι
1098 1165 1135 1246 1).
1180 1163 1340 1230 Virtutem
1366 1171 1397 1230 et
1422 1163 1501 1232 For-

170 1295 284 1355 tunam
323 1287 365 1355 ad
400 1289 541 1359 Romam
581 1289 793 1357 condendam
832 1296 863 1355 et
896 1290 1070 1372 imperium
1111 1289 1380 1356 constituendum
1421 1283 1501 1358 con·

109 1497 111 1502 ¹
171 1417 302 1482 venisse
334 1414 458 1482 eisdem
489 1414 558 1480 fere
587 1414 696 1482 verbis
729 1413 882 1498 exprimit
911 1415 1172 1482 Ammianus
1201 1413 1397 1480 lllarcell.
1427 1413 1501 1480 XlV
1595 1395 1596 1402 ἵ

100 1536 103 1542 ’
169 1543 199 1616 6,
214 1539 250 1606 3:
273 1537 462 1623 „Tempore
480 1557 550 1624 quo
571 1540 686 1622 primis
706 1539 863 1622 auspiciis
883 1541 915 1604 in
936 1537 1144 1636 mundanum
1165 1538 1329 1622 fulgorem
1351 1547 1502 1623 surgeret

169 1665 293 1731 victura
308 1664 387 1731 dum
404 1673 499 1730 erunt
514 1664 671 1730 homines
688 1662 805 1742 Roma,
826 1676 859 1729 ut
874 1671 1051 1750 augeretur
1065 1664 1263 1730 sublimibus
1279 1665 1499 1742 incrementis,

168 1787 305 1855 foedere
325 1789 417 1872 pacis
436 1795 592 1856 aeternae
607 1787 751 1856 Virtus
770 1789 927 1854 convenit
946 1795 1045 1873 atque
1067 1786 1280 1867 Fortuna,
1306 1789 1500 1872 plerum·

145 1931 254 1998 ‚que
278 1913 611 1998 dissidentes²)‚
634 1931 776 1998 quarum
801 1915 828 1980 si
850 1913 951 1980 altera
974 1912 1141 1991 defuisset
1166 1913 1207 1979 ad
1228 1913 1407 1998 perfectam
1429 1933 1498 1982 non

169 2040 577 2116 veneratsummitatem“‚
603 2057 711 2123 neque
727 2039 829 2124 longe
848 2037 957 2104 differt
982 2036 1145 2106 Ftorus
1170 2038 1224 2115 li,
1249 2040 1284 2104 2:
1312 2038 1500 2123 „(Populus

170 2161 357 2243 Romanus)
391 2169 441 2231 tot
473 2165 504 2229 in
539 2163 712 2232 laboribus
742 2163 965 2247 periculisque
995 2164 1134 2230 iactatus
1164 2170 1221 2240 est,
1253 2170 1287 2229 ut
1310 2162 1351 2229 ad
1377 2165 1500 2231 consti·

168 2286 328 2355 tuendum
353 2289 426 2356 eius
451 2289 626 2372 imperium
643 2288 857 2382 contendisse
872 2287 1016 2356 Virtus
1041 2294 1073 2354 et
1088 2285 1272 2355 Fortuna
1296 2286 1497 2356 videantur.“

277 2447 410 2516 Praeter
433 2467 548 2517 mores
573 2451 774 2532 virtutesque
800 2447 1032 2519 Romanorum
1063 2451 1161 2516 etiarn
1186 2450 1321 2517 fortuna
1355 2451 1499 2534 propitia
1554 2503 1558 2514 .

169 2575 352 2656 potentiam
371 2574 461 2640 urbis
476 2581 607 2641 auctam
624 2592 699 2641 esse
716 2593 756 2641 ne
774 2573 877 2640 Cice
890 2591 937 2642 ro
962 2574 1096 2658 quidem
1115 2582 1212 2658 negat
1226 2575 1310 2658 (rep.
1323 2573 1344 2640 ll
1366 2576 1497 2660 lo‚30):

171 2697 361 2782 „intelleges
395 2717 483 2766 non
516 2699 716 2765 fortuito
757 2700 921 2782 populum
957 2698 1146 2768 Romanum
1186 2698 1246 2766 sed
1282 2701 1426 2769 consilio
1459 2719 1500 2767 ac

168 2821 341 2906 disciplina
366 2823 602 2891 confirmatum
628 2842 712 2900 esse,
747 2843 825 2890 nec
849 2832 961 2890 tamen
988 2823 1261 2890 adversante
1283 2824 1498 2892 fortuna.“

168 2946 331 3015 llllaiorem
373 2950 471 3014 etiam
509 2948 574 3013 vim
610 2947 652 3014 Li
664 2950 763 3014 vius
798 2948 954 3015 fortunae
992 2946 1225 3017 Romanorum
1264 2950 1382 3026 tribuit,
1422 2968 1496 3016 cum

55 3098 59 3114 =
168 3069 346 3138 Camillum
367 3071 531 3139 dicentem
552 3071 629 3138 tacit
652 3071 695 3157 (tl
710 3075 762 3150 54,
782 3073 831 3156 6):
857 3071 980 3157 „Quod
999 3084 1080 3138 ¹cum
1108 3074 1150 3139 ita
1174 3074 1223 3150 sit,
1247 3091 1343 3156 quae,
1364 3073 1498 3153 malum,

169 3196 254 3264 ratio
270 3204 320 3264 est
334 3197 478 3280 expertis
494 3215 533 3263 ea
549 3196 612 3263 alia
638 3198 787 3281 experiri,
811 3215 897 3273 curn,
923 3199 987 3263 iarn
1006 3206 1040 3264 ut
1059 3199 1205 3266 virtus
1230 3206 1338 3264 vestra
1359 3200 1499 3265 transire

275 3381 297 3448 ι)
324 3383 492 3438 Plutarchus
518 3385 546 3437 in
571 3387 625 3438 hac
650 3386 779 3438 oratione
809 3387 988 3438 demonstrat
1016 3385 1159 3444 Romanos
1188 3399 1204 3438 a
1232 3387 1359 3440 Fortuna
1387 3400 1498 3456 semper

166 3475 197 3528 et
216 3475 307 3542 prima
327 3474 404 3528 urbis
423 3475 521 3527 aetate
541 3476 570 3527 et
590 3475 616 3526 in
640 3474 717 3527 bellis
738 3474 981 3542 periculosissimis
1000 3476 1114 3528 adiutos
1134 3489 1207 3542 esse;
1232 3475 1379 3528 fortunam
1399 3478 1496 3530 autem

166 3565 197 3617 et
225 3563 363 3616 virtutem
391 3563 434 3616 his
465 3577 577 3631 quoque
596 3563 743 3628 ,orationis
764 3564 830 3616 locis
859 3564 1007 3631 componit
1034 3561 1157 3631 (317C):
1185 3554 1326 3638 (Ῥώμη)
1352 3603 1379 3618 ..
1405 3555 1498 3638 ἕδραν

166 3643 247 3726 ἔσχε
273 3642 312 3706 τά
334 3644 473 3726 μέγιστα
501 3644 556 3706 καὶ
580 3642 756 3725 ἀσφάλειαν
865 3643 973 3725 πάσης
1004 3643 1063 3726 μὲν
1095 3643 1255 3726 ἀρετῆς
1287 3645 1498 3728 ἐγγενομένης

77 3731 79 3736 ’
166 3741 234 3807 τοῖς
253 3739 354 3796 ταῦτα
371 3734 661 3815 μηχανησαμένοις,
686 3733 806 3813 πολλῆς
825 3732 860 3796 δέ
880 3733 934 3796 καὶ
954 3732 1087 3815 τύχης
1106 3733 1342 3815 συνελθούσης·
1361 3743 1423 3812 (321
1448 3740 1496 3807 Β)ε

164 3821 186 3904 ἡ
215 3822 275 3904 μὲρ
308 3821 369 3904 γὰρ
395 3820 540 3906 Ἀρετὴ
564 3823 666 3905 μέγαν
690 3823 823 3904 ἐποίησε
856 3821 1034 3904 Ῥωμύλον,
1068 3822 1089 3904 ἡ
1123 3821 1236 3905 Τύχη
1269 3821 1300 3886 θ’
1334 3825 1407 3907 ἄχρι
1441 3831 1499 3888 τοῦ

164 3911 317 3993 γενέσθαι
340 3912 442 3994 μέγαν
465 3912 612 3994 ἐτήρησε.

276 4025 410 4080 Similiter
438 4027 526 4078 etiam
555 4024 687 4080 Manilius
709 4027 745 4080 lV
763 4027 873 4082 22-49
904 4027 1098 4085 Romanorum
1127 4040 1169 4080 res
1198 4030 1292 4095 gestas
1322 4029 1496 4096 perlustrans

165 4115 262 4168 omnia
287 4115 349 4168 tato
374 4115 508 4183 propili0,
538 4131 593 4168 non
620 4129 686 4170 casu
713 4130 796 4170 caeco
822 4116 917 4169 deberi
943 4117 1084 4170 ostendit:
1111 4117 1142 4170 V.
1164 4116 1212 4171 49:
1242 4118 1314 4184 „hoc
1334 4117 1386 4170 nisi
1409 4116 1421 4168 f
1430 4118 1497 4170 ata

165 4205 278 4269 darent,
308 4218 465 4272 numquam
495 4204 666 4258 fortuna
694 4204 850 4272 dedisset“,
880 4219 1003 4272 quocum
1029 4220 1111 4258 versu
1136 4205 1292 4259 concinunt
1314 4207 1384 4259 haec
1410 4206 1497 4260 verba

163 4293 288 4346 Theonis
315 4295 340 4346 ll
369 4295 427 4359 ill,
463 4294 507 4347 17:
535 4287 655 4368 ἥκιστα
681 4285 743 4368 γὰρ
773 4286 937 4349 ἐπαινοῦσι
966 4287 1010 4368 μὴ
1041 4284 1125 4348 κατὰ
1156 4283 1395 4367 προαίρεσιν
1426 4284 1495 4351 ἀλλ’

164 4374 202 4438 ἐκ
227 4371 350 4456 τύχης
372 4374 393 4436 ά
417 4375 545 4456 ἔχουσιν
569 4373 690 4457 ἀγαθά,
720 4386 753 4436 ut
777 4383 842 4436 inde
868 4398 981 4451 quoque
1014 4384 1152 4452 originem
1186 4385 1388 4437 scholasticam
1412 4385 1496 4438 huius

163 4472 359 4525 contentionis
378 4472 591 4525 concludamus.

228 4614 230 4618 .
272 4575 296 4642 ι)
327 4579 363 4632 cf.
401 4579 475 4633 Plut.
510 4579 565 4632 316
585 4578 618 4632 C:
645 4569 691 4632 Αἱ
721 4570 860 4645 πολλούς
892 4569 1093 4643 πολλάκις
1127 4571 1408 4652 ἠγωνισμέναι
1443 4570 1498 4634 καὶ

162 4658 325 4742 μεγάλους
348 4655 476 4742 ἀγῶνας
496 4656 630 4740 Ἀρετὴ
655 4659 709 4722 καὶ
735 4658 840 4741 Τύχη
865 4660 945 4742 πρὸς
969 4659 1109 4740 ἀλλήλας
1232 4653 1442 4742 ἀγωνίζονται
1470 4707 1496 4721 ..

1375 4759 1391 4809 7
