3682 5520
1367 329 1546 413 Διη’

174 556 300 620 ὑδάτων
330 557 489 639 ἐπιρροάς,
524 557 607 639 ἄλση
638 557 671 620 ἐν
694 557 775 639 αὐτῇ
801 563 842 639 τῇ
866 557 968 631 πόλει,
1002 557 1042 621 τὰ
1065 557 1138 639 περὶ
1161 559 1219 640 τὴν
1241 548 1335 622 πόλιν
1453 558 1508 622 καὶ

174 681 235 766 γὰρ
258 689 361 747 ταῦτα
385 684 530 746 συντελεῖ
549 682 629 766 πρὸς
652 683 775 765 κόσμον
798 689 839 766 τῇ
861 683 964 746 πόλει.

227 863 234 874 ,
280 808 387 908 Atque
419 825 563 906 primum
595 823 729 907 quidem
760 823 801 890 de
839 825 888 890 eis
917 824 1002 895 locis
1033 824 1245 901 disseremus,
1278 825 1400 908 quibus
1439 843 1513 892 ma÷

173 947 313 1033 gnitudo
343 949 434 1015 urbis
471 946 611 1032 eiusque
636 943 865 1014 aedificiorum
906 948 1094 1032 praedicata
1132 954 1197 1027 est;
1236 967 1336 1034 quam
1375 949 1507 1017 laudem

120 1140 123 1146 ,
173 1073 391 1140 commendat
412 1073 598 1158 Dionys.
619 1071 712 1139 llal
729 1080 786 1139 art.
806 1074 886 1140 rhet.
910 1078 934 1150 1,
954 1077 974 1140 3
995 1075 1040 1158 (p.
1059 1045 1131 1153 257,
1155 1074 1225 1159 10);
1245 1075 1381 1158 ἁρμόσει
1399 1076 1434 1140 δὲ
1453 1077 1509 1140 καὶ

171 1199 246 1284 περὶ
267 1180 441 1283 μεγέθους
455 1201 471 1282 (
474 1207 532 1282 τῆς
549 1201 677 1272 πόλεως
680 1197 697 1281 )
722 1199 838 1282 λέγειν,
865 1197 952 1265 idem
973 1201 1002 1277 5,
1027 1200 1113 1283 5‘(p.
1135 1201 1208 1277 276,
1232 1199 1283 1284 3):
1306 1201 1388 1284 μετὰ
1407 1209 1509 1266 ταῦτα

171 1325 245 1408 περὶ
263 1325 423 1408 μεγέθους
442 1331 499 1407 τῆς
517 1325 645 1399 πόλεως
666 1324 790 1408 (λέγειν
811 1337 847 1387 σε
867 1323 947 1407 δεῖ).
977 1323 1227 1390 Verbosissime
1247 1331 1357 1391 autem
1379 1324 1420 1391 de
1439 1343 1508 1390 am-

173 1448 331 1531 plitudine
357 1441 447 1515 urbis
474 1449 551 1516 dicit
579 1445 783 1546 Aristides
813 1448 917 1517 XXVl
949 1452 1045 1527 o-9‚
1080 1449 1149 1515 ubi>
1169 1435 1323 1533 primurn,
1353 1448 1384 1516 id
1416 1449 1508 1534 quod

149 1557 150 1560 ¹
173 1572 270 1666 laude
286 1573 385 1640 etiam
402 1574 534 1658 dignius
544 1574 670 1642 videtur
682 1593 765 1653 esse,
779 1554 879 1658 quam
892 1573 983 1658 quod
1001 1555 1324 1656 praecipithlenand.
1336 1573 1370 1641 lll
1382 1576 1455 1652 351,
1470 1579 1506 1640 4:

1550 824 1581 866 lio
1600 824 1680 872 magni-

1543 894 1615 936 tudine
1629 895 1686 936 urhis

172 1700 222 1762 δεῖ
243 1699 392 1774 ἐπαινεῖν,
418 1702 469 1790 ὅτι
493 1700 537 1763 ἑνὶ
561 1700 723 1784 οήιδαλμῷ
746 1702 878 1783 ἡπόλις
902 1700 1057 1782 φαίνεται,
1085 1696 1227 1767 Romam
1249 1717 1290 1765 ex
1315 1699 1407 1766 nullo
1428 1701 1507 1767 loco
1593 1745 1595 1754 ·
1644 1693 1649 1706 ’

172 1823 280 1889 oculis
299 1807 405 1890 totam
431 1824 672 1907 comprehendi
694 1841 797 1908 posse
822 1823 995 1908 contendit
1018 1824 1064 1908 (p.
1084 1825 1135 1901 93,
1155 1825 1175 1889 3
1197 1823 1297 1908 Κε11);
1322 1825 1371 1899 τίς
1389 1825 1450 1910 γὰρ
1469 1804 1508 1889 δν·

171 1947 312 2012 τοσάσδε
338 1949 421 2032 ὁρῶν
445 1949 589 2032 κορυφὰς
612 1950 869 2032 κατειλημμένοις
891 1953 912 2033 ἢ
935 1927 1055 2013 uantur
1078 1949 1194 2032 νομούς
1218 1949 1508 2033 ε’κπειιολισμένους

170 2074 302 2156 ἢμην
334 2073 525 2156 τοσήνδε
562 2075 762 2157 εἰςμιᾶς
797 2075 969 2149 πόλεως
1004 2077 1141 2158 ὄνομα
1178 2073 1505 2159 σονηγμένηνΙ),

171 2196 241 2261 εἶτα
273 2198 418 2281 ἀκριβῶς
448 2199 691 2273 κατεθεάσατο·
731 2199 795 2262 ἀπὸ
825 2189 921 2274 ποιάς
955 2198 1106 2281 τοιαύτης
1126 2196 1323 2281 Ισκοιιιιι”ις2).
1358 2199 1505 2266 Similem

172 2321 371 2388 sententiam
413 2297 539 2404 profert
575 2321 898 2408 Claudianus³)
937 2325 968 2390 in
1008 2338 1134 2408 magno
1178 2321 1306 2392 Romae
1348 2325 1507 2392 encomio

173 2444 311 2529 (Stilich.
332 2444 366 2512 lll
389 2447 452 2512 130
470 2447 543 2530 sq.),
563 2419 686 2531 inquo
712 2447 837 2515 nullum
859 2447 928 2514 lere
948 2466 1080 2514 versum
1102 2451 1170 2515 non
1193 2467 1234 2516 ex
1254 2455 1322 2516 arte
1343 2449 1508 2516 rhetorica

172 2571 309 2653 petitum
340 2589 414 2638 esse
444 2581 709 2656 cognoscemus;
741 2572 816 2639 dicit
841 2574 930 2640 enim
956 2570 990 2639 lll
1018 2575 1095 2640 131:

300 2692 439 2780 (Roma)
465 2694 564 2779 „Qua
589 2697 667 2763 nihil
693 2698 724 2762 in
750 2698 845 2763 terris
870 2682 1103 2781 complectitur
1126 2697 1223 2764 altius
1247 2700 1369 2777 aether,

299 2821 429 2887 cuius
460 2839 539 2887 nec
568 2823 766 2905 spatium
799 2809 928 2888 visus
953 2841 1014 2889 nec
1038 2822 1142 2891 corda
1166 2822 1323 2890 decorem

302 2943 521 3011 nec.iaudem
547 2961 613 3034 vox
638 2945 704 3011 ulla
729 2948 880 3030 capit.“

251 3122 254 3129 ¹
277 3147 299 3213 1)
323 3151 359 3204 cl.
374 3150 532 3204 Aristot.
556 3153 614 3204 Pol.
635 3154 676 3206 lll
697 3154 719 3218 l,
743 3128 853 3219 lasabi
874 3154 1037 3220 amplitudo
1055 3115 1209 3223 Babylonis
1230 3156 1360 3210 similiter
1381 3136 1520 3209 tollitur:¹
1566 3181 1568 3188 v

170 3239 292 3320 ὁμοίως
311 3239 346 3302 δὲ
365 3229 420 3302 καὶ
439 3246 505 3302 τῶν
523 3240 579 3304 τὸν
604 3239 699 3305 αύτδν
722 3242 821 3306 τύπον
844 3242 1083 3316 κατοικούντων
1107 3243 1288 3326 ἀνθρώπων
1311 3244 1364 3308 κύ
1372 3269 1416 3308 τε
1440 3245 1509 3308 δεῖ
1531 3308 1533 3312 .

168 3338 373 3418 νομίζειν
401 3337 506 3419 μίαν
535 3337 653 3401 εἶναι
682 3340 757 3421 τὴν
786 3340 935 3413 πόλιν·
1062 3340 1193 3423 τοιαύτη
1224 3341 1428 3430 δ’ἴσωςιέστὶ
1451 3343 1507 3406 καὶ

167 3433 325 3516 Βαβυλὼν
345 3435 400 3497 καὶ
418 3443 508 3499 πᾶσα
526 3438 597 3517 ἥτις
616 3438 683 3519 ἔχει
701 3440 901 3522 περιγραφὴν
918 3440 1087 3520 μᾶλλον
1106 3440 1264 3515 ἔθνους
1282 3443 1302 3523 ἢ
1321 3441 1466 3522 radico
1479 3465 1504 3515 ς,

277 3529 300 3595 ²)
324 3532 453 3594 Quocum
480 3534 540 3588 loco
566 3535 683 3587 minime
707 3537 848 3604 congruit,
871 3532 950 3604 'quod
976 3536 1098 3590 Marti
1112 3539 1190 3592 alis
1212 3539 1248 3592 lV
1267 3539 1313 3605 64,
1335 3540 1363 3592 11
1391 3540 1504 3593 scribit:

495 3623 589 3688 „ilinc
609 3627 719 3690 septem
739 3625 871 3678 dominos
892 3626 988 3680 videre
1010 3628 1120 3680 montes

489 3714 632 3765 ettotam
656 3714 721 3768 licet
741 3715 893 3773 aestimare
915 3714 1047 3782 Romam,

491 3801 617 3856 Albanos
644 3817 759 3870 quoque
778 3803 973 3871 Tusculosque
992 3802 1109 3870 colles“‚

168 3900 206 3940 ex
230 3880 334 3955 quibus
359 3889 488 3944 versibus
513 3894 636 3956 apparet
661 3892 816 3952 Aristidem
841 3895 972 3962 augendo
997 3895 1085 3948 iidem
1111 3907 1166 3946 non
1191 3895 1350 3949 servavisse
1374 3898 1504 3950 secutum

171 3977 353 4031 notissimum
381 3980 494 4032 scholae
528 3981 749 4048 declamatoriae
784 3985 980 4049 praeceptum,
1015 3983 1091 4051 quod
1127 3983 1217 4037 tradit
1246 3975 1504 4038 Aristoteles

170 4067 244 4120 rhet.
273 4069 282 4121 l
306 4068 323 4120 9
348 4067 415 4135 (er.
436 4068 481 4134 Gr.
501 4069 509 4122 l
533 4069 579 4135 38,
607 4071 638 4124 18
667 4068 812 4140 Spengel):
836 4061 946 4126 κύστει
969 4061 1143 4146 δἐύλύγως
1166 4063 1186 4145 ἡ
1207 4065 1339 4146 αὔξησις
1363 4065 1408 4139 εἰς
1430 4066 1505 4140 τοὺς

169 4147 319 4220 ἐπαίνους
418 4149 438 4230 ἡ
462 4149 521 4230 μὲν
545 4152 679 4231 αύξησις
703 4152 1039 4234 ἐπιτηδειοτάτητοῖς
1063 4153 1299 4227 ἐπιδεικτικοῖς.

277 4241 309 4321 31
324 4247 422 4300 Otto
445 4246 495 4304 Ke
509 4248 526 4298 lr
539 4249 556 4300 d
567 4248 574 4299 i
587 4261 603 4299 n
617 4263 633 4316 g
649 4266 655 4301 :
687 4252 719 4303 de
741 4251 918 4318 panegyricis
941 4251 1051 4324 Latinis
1070 4251 1280 4305 dissertationis
1301 4253 1394 4318 capite
1415 4252 1504 4306 altero

169 4334 209 4402 (p.
234 4331 352 4397 16-28)
376 4339 451 4388 recte
474 4335 622 4390 Claudiani
644 4339 771 4406 vestigiis
793 4340 971 4394 scholasticis
996 4341 1201 4394 demonstratis
1222 4342 1250 4392 in
1272 4343 1375 4408 quarto
1395 4343 1503 4407 capite:

171 4424 325 4491 ,quomodo
352 4424 525 4478 Claudianus
551 4428 738 4506 panegyricos
766 4428 886 4481 Graecos
913 4430 1044 4483 imitatus
1068 4419 1115 4483 sit’
1142 4431 1278 4496 inscripto
1303 4430 1344 4497 (p.
1368 4431 1404 4484 44
1427 4428 1509 4498 sqq.)

168 4512 410 4567 necessitudinem
437 4516 582 4581 quandam
602 4516 676 4568 inter
697 4516 888 4570 Claudianum
912 4521 941 4570 el
962 4517 1117 4581 Aristidem
1137 4519 1212 4572 eruit
1231 4521 1260 4572 et
1281 4533 1345 4571 cum
1365 4520 1515 4572 aliatum

169 4602 328 4668 permultas
352 4602 460 4658 Romae
484 4605 604 4658 encomii
630 4605 755 4672 (Stiliclr.
777 4607 818 4658 lll
842 4606 892 4659 130
911 4602 988 4673 sqq.)
1013 4609 1172 4661 sententias
1198 4611 1313 4675 poetam
1337 4621 1374 4660 ex
1392 4611 1504 4662 oratore

169 4691 381 4756 deprompsisse
406 4693 565 4746 contendit.
605 4693 643 4746 At
667 4695 772 4748 similes
798 4695 874 4747 urbis
901 4695 998 4748 laudes
1024 4699 1051 4748 ln
1072 4697 1194 4750 aliorum
1216 4711 1328 4765 quoque
1343 4699 1504 4752 auctorum
