3664 5512
357 282 377 346 2

396 403 415 462 s
1253 419 1255 427 ’
1306 427 1322 472 ι

335 493 489 576 exempla
524 493 711 576 invenimus
744 492 905 574 cuiusque
942 491 1180 576 panegyricum
1220 491 1348 572 imperii
1384 489 1526 559 Romani
1561 491 1675 573 ipsum

335 635 472 702 quoque
504 624 611 684 totum
647 617 858 684 scholasticis
892 599 1202 682 declamationibus
1230 614 1341 682 deberi
1367 614 1449 682 inira
1473 615 1677 697 ostendetur,

335 743 433 809 etiam
459 739 717 824 dispositionem
744 741 843 807 huius
868 742 1013 807 encomii
1039 740 1223 808 secundum
1245 748 1348 834 artem
1366 740 1568 807 rhetoricam
1589 740 1676 806 iecit.

335 865 439 950 Quod
465 869 508 933 ita
532 865 849 941 demonstrabimus,
884 871 918 930 ut
951 833 1023 934 eius
1056 874 1088 931 et
1119 863 1293 932 Menandri
1323 866 1422 932 verba
1456 867 1547 933 iuxta
1581 881 1675 932 com·

336 1007 515 1076 ponemus.

335 1125 1668 1162 w

353 1203 590 1273 Rutilius!
800 1203 1047 1270 Menander
1079 1207 1180 1289 περί
1213 1216 1528 1272 συντακτικού.

429 1387 490 1449 1-
518 1386 557 1451 10
658 1401 687 1465 ρ.
712 1385 785 1459 430,
810 1385 866 1449 3οι
891 1385 984 1467 χάριν
1008 1384 1204 1467 ὁμολογήσει
1228 1393 1268 1468 τῇ
1292 1387 1384 1451 πύλει
1476 1443 1478 1448 .

407 1509 488 1573 13-
518 1510 556 1572 14
609 1480 626 1534 Ι·
656 1509 730 1584 431,
760 1510 812 1573 1οτ
847 1509 1026 1583 ἐπαινέσεις
1058 1509 1093 1572 δὲ
1127 1510 1243 1574 καί...
1279 1511 1317 1575 τὰ
1347 1511 1414 1594 ήθη
1450 1520 1514 1576 τῶν
1537 1512 1670 1596 ἀνδρῶν,

701 1635 751 1697 άτι
773 1635 888 1717 ήμεροι
911 1633 967 1696 καὶ
991 1634 1150 1715 φιλόξενοι

406 1759 490 1822 19-
514 1758 556 1822 34
655 1759 730 1832 431,
758 1759 812 1823 15;
845 1759 943 1840 μετὰι
960 1758 996 1823 δὲ
1031 1759 1067 1821 τά
1100 1767 1229 1842 πρῶτον
1262 1762 1359 1844 μέρος
1390 1765 1477 1845 ήξεις
1500 1763 1596 1827 πάλιν
1619 1763 1671 1845 ἐφ’

698 1883 806 1966 ἕτερον
829 1884 937 1966 μέρος,
963 1885 995 1947 ἐν
1020 1883 1048 1967 ᾦ
1070 1885 1297 1968 μνησθήσεται
1320 1887 1374 1951 καὶ
1399 1896 1463 1952 τῶν
1483 1889 1600 1964 τύπων,
1627 1890 1673 1964 εἰς

700 2008 755 2080 ούς
779 2007 1024 2072 ἑπανελεύσεται
1587 2095 1589 2098 ¹

397 2131 441 2196 20
463 2148 534 2213 sqq.
655 2133 729 2207 431,
757 2133 812 2196 19:
837 2133 866 2196 εἰ
888 2133 924 2197 δέ
947 2133 1034 2216 παρὰ
1055 2135 1111 2216 τήν
1126 2115 1227 2198 αὐτοῦ
1248 2137 1387 2219 πατρίδα
1411 2138 1552 2212 σπεύδει,
1577 2140 1669 2222 ἐρεῖς.

402 2255 487 2320 20-
513 2257 556 2321 30
642 2257 729 2348 432,
754 2258 788 2321 9;
814 2257 869 2320 καὶ
893 2259 950 2340 τὴν
974 2259 1083 2341 χρείαν
1107 2259 1189 2342 ἐρεῖς
1213 2259 1254 2323 δι’
1278 2262 1317 2342 ἣν
1341 2239 1498 2337 σπεύδεις
1521 2231 1583 2326 ’δεῖ
1607 2264 1670 2347 γὰρ

702 2390 772 2456 ταῖς
796 2364 951 2464 ἀνάγκαις
976 2390 1072 2446 τούτο
1096 2383 1287 2467 θεραπεύειν
1570 2381 1576 2393 ’

737 2526 790 2589 13;
815 2525 865 2588 διδ
889 2525 945 2588 καί
967 2534 1058 2590 πᾶσα
1081 2525 1205 2608 ἀνάγκη
1231 2535 1277 2610 τῷ
1301 2531 1390 2612 νόμῳ
1414 2513 1589 2595 πείθεσθαι
1613 2537 1671 2613 τῆς

698 2647 865 2731 πατρίδος.
900 2658 995 2714 τούτο
1029 2650 1065 2715 δέ
1088 2672 1140 2715 σοι
1164 2649 1299 2735 ἁρμόσει
1322 2655 1486 2738 λέγειν...
1512 2657 1588 2720 ὅταν
1612 2656 1668 2720 ἀπ’

699 2775 800 2855 ἄλλης
823 2775 869 2849 εἰς
893 2776 950 2856 τήν
974 2784 1097 2840 σαυτοῦ
1119 2779 1259 2862 πατρίδα
1281 2781 1376 2863 καλῇ.

404 2913 488 2978 27-
510 2914 554 2980 30
603 2842 606 3007 λ
655 2917 728 2992 433,
754 2917 810 2982 28:
844 2918 941 3008 εἰδὲ
973 2920 1085 3002 πολλῷ
1117 2921 1270 2997 ἐλάττους
1304 2922 1366 2986 είεν
1391 2924 1425 2988 αί
1445 2925 1565 2999 πόλεις,
1590 2925 1667 3008 παρ’

698 3041 737 3115 ἃς
760 3042 798 3103 άν
817 3041 939 3126 σπεύδῃ
958 3042 1022 3118 Ιτις,
1056 3045 1130 3108 τότε
1164 3047 1221 3129 τὴν
1243 3048 1358 3144 χρείανΙ
1379 3049 1539 3131 αὐξήσεις,
1563 3047 1604 3112 δι’
1628 3053 1668 3134 ἢν

698 3165 828 3229 σπεύδει

559 3305 562 3312 ’
652 3308 727 3381 431,
751 3308 807 3372 20:
832 3308 879 3382 τίς
902 3309 963 3392 γὰρ
988 3311 1025 3374 ού
1048 3309 1189 3393 ποθήσει
1212 3315 1269 3396 τήν
1293 3315 1413 3388 οἰκίαν,

652 3451 725 3525 431,
750 3451 784 3515 8:
810 3450 847 3515 τά
872 3427 1073 3518 δ’τιάνιᾶται
1095 3455 1222 3536 μέλλων
1246 3457 1368 3523 τούτων
1391 3459 1589 3543 χωρίζεσθαι
1613 3461 1664 3544 ἐφ’

696 3574 826 3658 ἑκάστῳ
860 3575 975 3660 σχεδὸν
1008 3577 1108 3641 εἰπεῖν
1141 3588 1206 3644 τῶν
1233 3582 1413 3663 νοημάτων,
1447 3586 1498 3648 ἵνα
1530 3609 1665 3652 συντακ-

632 3750 634 3754 .
678 3689 785 3763 Ιτιιιάν
808 3699 893 3775 είδος
918 3701 935 3764 ὁ
958 3702 1055 3784 λόγος
1078 3704 1173 3786 λάβῃ.

650 3842 724 3916 431,
749 3841 804 3906 25:
830 3842 886 3906 καί
910 3845 959 3906 ὅτι
984 3845 1121 3929 ἐπιλήσῃ
1148 3848 1252 3912 αὐτῶν
1267 3851 1431 3926 οὐδέποτε,
1457 3853 1512 3916 καί
1527 3856 1576 3918 δτι
1595 3853 1663 3919 δια-

693 3965 811 4040 δώσεις
842 3967 939 4049 λάχον
971 3969 1161 4054 ἁπανταχοῦ
1191 3974 1368 4056 θαυμάζων
1403 3977 1508 4042 αὐτῶν
1541 3979 1580 4043 τὰ
1613 3981 1663 4054 ἐξ·

695 4091 817 4175 αίρετα.

649 4235 722 4311 430,
747 4237 803 4301 31;
829 4238 1007 4313 ἐπαινέσεις
1030 4241 1065 4303 δὲ
1090 4241 1198 4324 αὐτὴν,
1225 4243 1345 4308 ὁπόθεν
1368 4247 1406 4308 ἂν
1421 4247 1439 4309 ὁ
1453 4248 1565 4330 καιρὸς
1580 4251 1662 4336 αὐτῇ

692 4361 771 4444 διδῷ
797 4363 836 4426 τὰ
860 4363 1018 4446 ἐγκώμια,

647 4485 714 4549 οἷον
738 4486 801 4550 dno
825 4495 890 4552 τῶν
914 4489 1056 4573 ἀρχαίων
1080 4495 1162 4556 εἴτι
1187 4495 1302 4576 σεμνάν
1326 4497 1423 4581 ἔχοις,

646 4609 710 4674 ἀπὸ
734 4620 798 4676 adn
821 4613 935 4706 ἀέρων,
