3682 5520
1496 265 1540 329 39

192 472 304 555 Quam
330 473 526 539 sententiam
549 471 726 556 proterunt
751 471 935 556 Dionys.
963 473 1052 540 liai.
1077 481 1143 540 ant.
1169 473 1245 552 131,
1265 477 1303 550 3:
1328 476 1361 540 oi
1380 475 1535 562 Ἀρκάὸες
1605 563 1607 566 ¹

195 647 201 660 .
216 647 222 660 .
237 647 243 659 .
265 598 426 680 αἱροῦνται
445 597 544 680 λόφον
558 597 668 681 ὀλίγον
683 597 846 682 ἀπέχοντα
864 607 924 684 aopi
946 598 1136 683 Τεβέριος
1151 599 1224 664 .καὶ
1235 601 1532 675 κατασκευάζονται

191 723 270 804 πρός
295 723 382 805 αὐτῷ
401 722 460 786 κώ
469 746 552 805 μην
570 724 803 806 βραχεῖαν,
875 724 914 806 ἣν
934 725 1046 806 ἔμελλε
1064 726 1102 788 τὸ
1121 726 1331 808 πεπρωμένον
1350 725 1407 790 σὺν
1425 725 1531 809 χρόνῳ

192 847 306 930 θήσειν
330 849 410 930 ὅσην
434 845 507 914 οὔθ’
533 847 671 914 Ἑλλάδα
697 849 827 912 πόλιν
855 850 928 912 οὔτε
952 848 1114 933 βάρβαρον
1141 850 1225 914 κατά
1248 873 1284 914 τε
1308 850 1532 933 οἰκήσεως

191 973 372 1055 μέγεθος
391 972 446 1036 καὶ
460 973 544 1037 κατὰ
558 973 746 1048 δυναστείας
761 973 895 1045 ἀξίωσιν
909 974 965 1037 καὶ
979 975 1037 1058 τὴν
1052 976 1151 1056 ἄλλην
1165 977 1294 1038 ἅπασαν
1308 975 1456 1057 εὐτυχίαν
1551 951 1553 956 ¹

190 1080 317 1163 πόλεων
348 1098 489 1179 μάλιστα
520 1105 635 1161 πασῶν
657 1099 1051 1182 μνημονευθησομένην),
1088 1097 1241 1165 Iulian.
1266 1099 1395 1164 conviv.
1419 1098 1531 1176 320A,

193 1223 247 1287 ubi
272 1220 398 1288 Caesar
421 1222 597 1305 imperium
623 1220 735 1288 laudat
759 1223 810 1290 bis
829 1222 953 1289 verbis:
979 1219 1071 1306 Ἐμοὶ
1084 1224 1143 1305 μὲν
1158 1223 1369 1306 ...γενέσθαι
1389 1225 1421 1288 ἐν
1444 1225 1532 1306 τηλι-
1609 1227 1613 1234 ’

192 1345 295 1430 κοότῃ
327 1347 443 1429 συνέβη
473 1347 566 1412 πόλει
595 1347 679 1430 μετὰ
711 1347 886 1423 τοσούτους
916 1349 1042 1431 ἄνδρας,
1078 1350 1164 1412 ὥστε
1195 1349 1254 1432 τὴν
1285 1349 1344 1431 μὲν
1378 1351 1465 1412 όσων
1493 1350 1531 1413 οὐ

190 1470 328 1535 πώποτε
352 1473 433 1553 ἄλλη
456 1473 551 1546 πόλις
574 1473 763 1555 ἐβασίλευσε
786 1445 978 1555 βασιλεύειν,
1008 1481 1078 1547 ταῖς
1101 1473 1136 1536 δὲ
1160 1472 1328 1556 ἀγαπητόν
1351 1473 1388 1538 τό
1413 1474 1531 1538 καὶτὰ

191 1595 324 1680 θεότερα
342 1596 554 1680 κομίσασθαι.
571 1598 619 1672 τίς
635 1597 697 1680 γὰρ
711 1598 905 1672 πόλιςάπό
933 1599 1200 1681 τρισχιλίων
1228 1598 1383 1681 ἀνδρῶν
1410 1599 1531 1682 ἀρξα-

190 1722 289 1804 μένη
319 1722 352 1785 ἐν
381 1722 473 1786 οὐδὲ
502 1724 613 1797 όλοις
641 1722 773 1786 ἔτεσιν
802 1722 1079 1805 ἑξακοσίοιςῗ)
1105 1723 1249 1806 ε’πὶχης
1273 1723 1356 1806 ἦλθε
1374 1724 1532 1806 πέρατα

192 1855 261 1921 τοῖς
280 1847 408 1921 όπλοις;
598 1813 603 1823 ¹
1378 1847 1380 1852 ’

302 1968 454 2054 Denique
479 1970 531 2035 mc
555 1971 695 2037 breviter
719 1989 1034 2039 commemoramus
1061 1973 1159 2038 etiam
1185 1972 1396 2055 exiguitatem
1429 1978 1460 2039 el
1485 1973 1530 2038 in-

191 2095 380 2162 firmitatem
407 2095 658 2178 antiquissimae
684 2095 813 2166 Romae
847 2087 956 2164 novae
982 2095 1059 2192 urbi.
1086 2115 1126 2162 ac
1159 2097 1302 2180 imperio
1328 2095 1530 2165 Romanoa

194 2220 619 2305 poetis·scriptoribusque
657 2220 820 2288 interdum
857 2223 1056 2307 oppositam
1097 2239 1185 2300 esse;
1229 2220 1385 2289 conferas
1419 2228 1529 2289 autern

192 2363 322 2428 quaeso
347 2345 503 2413 Senec.
529 2347 667 2430 epigr.
691 2348 748 2413 33:
1225 2415 1227 2418 .

299 2469 441 2549 „Ultima
466 2472 619 2554 cingebat
641 2462 792 2554 Thybris
807 2477 873 2555 rua,
900 2468 1106 2548 Romule,
1132 2461 1243 2557 regna,

353 2596 404 2663 iric
427 2597 483 2664 tibi
507 2596 583 2663 iinis
608 2604 685 2673 erat,
712 2596 867 2680 religiose
893 2595 1019 2677 Numa;

300 2854 334 2913 at
358 2829 472 2914 nunc
497 2845 657 2915 Oceanus
677 2813 833 2932 geminos
858 2847 1001 2913 interluit
1024 2848 1145 2914 orbes:

352 2989 430 3055 pars
453 2978 504 3038 est
527 2949 679 3056 imperio,
703 2942 865 3039 terminus
890 2978 966 3037 ante
989 2971 1074 3036 luit.“

191 3095 340 3163 similiter
363 3094 558 3164 Ovidius
583 3113 623 3164 ex
648 3094 744 3163 Pont.
770 3095 779 3162 l
804 3097 834 3174 3,
858 3097 916 3162 81;

297 3218 406 3304 „Quid
432 3221 572 3288 referam
597 3228 726 3288 veteres
752 3219 926 3291 Romanae
950 3221 1067 3306 gentis,
1094 3219 1183 3303 apud
1208 3237 1296 3303 quos

352 3346 504 3413 exulibus
528 3345 671 3413 tellus
696 3347 854 3412 ultima
878 3344 1019 3412 Tibur
1042 3345 1164 3420 erat?“‚

196 3457 409 3464 ’.ἡ-...-

298 3497 320 3563 ¹)
341 3499 529 3553 Valerius
554 3497 650 3552 Max.
680 3500 706 3551 ll
729 3501 760 3552 8:
789 3489 965 3566 „Disciplina
987 3499 1119 3553 militaris
1204 3501 1299 3552 ortum
1319 3512 1333 3551 e
1354 3498 1528 3565 parvula

194 3589 307 3646 Romuli
332 3602 413 3642 casa
438 3573 557 3642 totius
583 3591 764 3641 terrarum
785 3589 860 3641 orbis
885 3589 954 3641 iecit
974 3586 1125 3640 columen“
1152 3590 1181 3641 el
1210 3588 1327 3642 lulius
1354 3585 1528 3640 Valerius

196 3678 270 3730 126
302 3678 344 3746 (p.
371 3677 416 3744 36,
448 3678 480 3730 10
503 3674 653 3740 Κυευ]ετ);
689 3679 770 3744 „ipsa
800 3691 913 3745 quoque
942 3678 1105 3742 domina
1138 3679 1315 3730 omnium
1340 3669 1528 3745 'gentium

194 3767 285 3824 Roma
310 3767 650 3835 quattuordecim
680 3767 834 3821 stadiis
864 3769 893 3820 et
918 3767 1038 3832 pedibus
1063 3769 1179 3820 centurn
1204 3770 1293 3834 atque
1318 3765 1420 3835 viginti
1446 3767 1528 3832 pri-

192 3857 316 3910 mitus
345 3853 431 3910 luit.“

297 3960 320 4026 ²)
344 3964 398 4015 nur
416 3976 529 4031 quoque
544 3963 696 4028 scriptores
713 3963 904 4028 admirantur,
925 3964 1001 4030 quod
1020 3962 1111 4020 Roma
1127 3963 1188 4015 tam
1211 3961 1289 4014 brevi
1308 3963 1437 4028 tempore
1452 3963 1528 4017 orbis

168 4037 309 4119 'imperio
331 4054 424 4120 potita
444 4054 494 4106 sit:
527 4051 698 4106 Sallust.
720 4051 782 4105 eat,
802 4053 829 4118 7,
848 4051 879 4105 3:
903 4054 969 4118 „sed
991 4053 1095 4106 civitas
1115 4051 1281 4105 incredibile
1302 4039 1464 4104 meinoratu
1485 4053 1528 4105 est

191 4144 298 4208 adepta
319 4142 451 4196 libertate
477 4143 672 4208 quantum
699 4141 812 4194 brevi
834 4127 1057 4208 'creverit‘ss
1104 4141 1323 4209 (Augustin
1349 4142 1383 4194 de
1408 4141 1462 4193 civ.
1484 4141 1527 4194 dei

193 4233 217 4284 V
239 4232 270 4284 12
294 4232 370 4286 hunc
392 4231 508 4284 Sallusti
536 4231 627 4282 locurn
648 4229 734 4283 affert
753 4231 797 4284 iris
817 4231 925 4284 verbis:
958 4231 1052 4296 „idem
1072 4232 1176 4283 auctor
1196 4230 1234 4281 in
1257 4229 1527 4286 Romanorum

192 4321 387 4374 laudibus
414 4321 521 4386 posuit,
546 4321 622 4386 quod
649 4321 771 4385 „civitas
795 4320 960 4373 incredibile
987 4315 1120 4386 ...eqsl
1143 4318 1305 4372 Diodor.
1330 4318 1477 4372 XXXVll
1496 4319 1527 4372 3:

190 4408 265 4472 Ὅτι
287 4409 325 4473 τὸ
351 4408 487 4472 παλαιόν
511 4408 544 4470 οἱ
566 4407 724 4489 Ῥωμαῖοι
747 4408 856 4489 νόμοις
883 4431 919 4471 τε
942 4409 998 4472 καί
1021 4407 1166 4492 ἀχωχαῖς
1197 4407 1340 4489 ἀρίστοις
1368 4406 1529 4490 χρώμενοι

191 4504 282 4570 κατ’
313 4507 466 4589 ὀλίγον
495 4505 756 4588 ἠυξήθησαν
786 4506 838 4569 ε’πί
866 4513 1032 4580 τοσοῦτον,
1063 4507 1149 4570 ὥστε
1177 4506 1351 4589 ἡγεμονίαν
1381 4500 1529 4586 ἐπιφανε-

191 4603 313 4686 στάτην
336 4604 400 4682 καί,
414 4605 572 4686 μεγίστην
595 4610 661 4668 τῶν
683 4605 970 4687 μνημονευομένων
993 4604 1275 4686 κατακτήσασθαι.
