<?xml version="1.0" encoding="UTF-8"?>
<!DOCTYPE html PUBLIC "-//W3C//DTD XHTML 1.0 Transitional//EN"
    "http://www.w3.org/TR/xhtml1/DTD/xhtml1-transitional.dtd">
<html xmlns="http://www.w3.org/1999/xhtml" xml:lang="en" lang="en">
 <head>
  <title>
</title>
<meta http-equiv="Content-Type" content="text/html;charset=utf-8" />
  <meta name='ocr-system' content='tesseract 3.04.00' />
  <meta name='ocr-capabilities' content='ocr_page ocr_carea ocr_par ocr_line ocrx_word'/>
</head>
<body>
  <div class='ocr_page' id='page_1' title='image "./laudesromae00gerngoog_0123.png"; bbox 0 0 3664 5512; ppageno 0'>
   <div class='ocr_carea' id='block_1_1' title="bbox 334 309 412 414">
    <p class='ocr_par' dir='ltr' id='par_1_1' title="bbox 334 309 412 414">
     <span class='ocr_line' id='line_1_1' title="bbox 334 309 412 414; baseline 0 -42"><span class='ocrx_word' id='word_1_1' title='bbox 334 309 412 414; x_wconf 67' lang='lat' dir='ltr'>¹llO</span> 
     </span>
    </p>
   </div>
   <div class='ocr_carea' id='block_1_2' title="bbox 347 457 1675 609">
    <p class='ocr_par' dir='ltr' id='par_1_2' title="bbox 347 457 1675 609">
     <span class='ocr_line' id='line_1_2' title="bbox 347 457 1675 609; baseline 0.002 -25"><span class='ocrx_word' id='word_1_2' title='bbox 347 518 547 602; x_wconf 84' lang='lat' dir='ltr'>protendere</span> <span class='ocrx_word' id='word_1_3' title='bbox 580 519 749 590; x_wconf 71' lang='grc' dir='ltr'>1ῑεεῐ’...,</span> <span class='ocrx_word' id='word_1_4' title='bbox 775 517 902 609; x_wconf 78' lang='lat' dir='ltr'>Etenim</span> <span class='ocrx_word' id='word_1_5' title='bbox 938 520 979 585; x_wconf 92' lang='lat' dir='ltr'>ab</span> <span class='ocrx_word' id='word_1_6' title='bbox 1018 521 1093 603; x_wconf 88' lang='lat' dir='ltr'>ipso</span> <span class='ocrx_word' id='word_1_7' title='bbox 1127 520 1210 587; x_wconf 90' lang='lat' dir='ltr'>solis</span> <span class='ocrx_word' id='word_1_8' title='bbox 1243 457 1422 586; x_wconf 35' lang='lat' dir='ltr'>ortujnon</span> <span class='ocrx_word' id='word_1_9' title='bbox 1458 519 1565 588; x_wconf 90' lang='lat' dir='ltr'>modo</span> <span class='ocrx_word' id='word_1_10' title='bbox 1597 521 1675 604; x_wconf 89' lang='lat' dir='ltr'>(hac</span> 
     </span>
    </p>
   </div>
   <div class='ocr_carea' id='block_1_3' title="bbox 346 643 1676 1475">
    <p class='ocr_par' dir='ltr' id='par_1_3' title="bbox 346 643 1676 1475">
     <span class='ocr_line' id='line_1_3' title="bbox 346 643 1673 729; baseline 0 -19"><span class='ocrx_word' id='word_1_11' title='bbox 346 644 425 711; x_wconf 89' lang='lat' dir='ltr'>citra</span> <span class='ocrx_word' id='word_1_12' title='bbox 464 643 675 726; x_wconf 85' lang='lat' dir='ltr'>Maeotis)</span> <span class='ocrx_word' id='word_1_13' title='bbox 712 644 774 712; x_wconf 88' lang='lat' dir='ltr'>sub</span> <span class='ocrx_word' id='word_1_14' title='bbox 804 652 951 711; x_wconf 84' lang='lat' dir='ltr'>extrema</span> <span class='ocrx_word' id='word_1_15' title='bbox 988 645 1226 728; x_wconf 83' lang='lat' dir='ltr'>septentrionis</span> <span class='ocrx_word' id='word_1_16' title='bbox 1266 644 1372 729; x_wconf 80' lang='lat' dir='ltr'>plaga,</span> <span class='ocrx_word' id='word_1_17' title='bbox 1411 662 1477 727; x_wconf 91' lang='lat' dir='ltr'>qua</span> <span class='ocrx_word' id='word_1_18' title='bbox 1514 644 1673 710; x_wconf 83' lang='lat' dir='ltr'>fervidum</span> 
     </span>
     <span class='ocr_line' id='line_1_4' title="bbox 346 766 1674 875; baseline 0.001 -40"><span class='ocrx_word' id='word_1_19' title='bbox 346 775 447 852; x_wconf 89' lang='lat' dir='ltr'>caput</span> <span class='ocrx_word' id='word_1_20' title='bbox 472 766 706 834; x_wconf 88' lang='lat' dir='ltr'>Danuvius</span> <span class='ocrx_word' id='word_1_21' title='bbox 731 769 852 836; x_wconf 85' lang='lat' dir='ltr'>evolvit</span> <span class='ocrx_word' id='word_1_22' title='bbox 871 787 1006 856; x_wconf 89' lang='lat' dir='ltr'>quaque</span> <span class='ocrx_word' id='word_1_23' title='bbox 1024 769 1181 840; x_wconf 87' lang='lat' dir='ltr'>horridus</span> <span class='ocrx_word' id='word_1_24' title='bbox 1200 778 1291 836; x_wconf 88' lang='lat' dir='ltr'>secat</span> <span class='ocrx_word' id='word_1_25' title='bbox 1314 769 1423 836; x_wconf 77' lang='lat' dir='ltr'>Alba</span> <span class='ocrx_word' id='word_1_26' title='bbox 1448 769 1674 875; x_wconf 67' lang='lat' dir='ltr'>Germaniam,</span> 
     </span>
     <span class='ocr_line' id='line_1_5' title="bbox 346 881 1673 978; baseline 0.002 -20"><span class='ocrx_word' id='word_1_27' title='bbox 346 893 404 958; x_wconf 92' lang='lat' dir='ltr'>sed</span> <span class='ocrx_word' id='word_1_28' title='bbox 448 894 550 960; x_wconf 51' lang='lat' dir='ltr'>¹etiarn</span> <span class='ocrx_word' id='word_1_29' title='bbox 598 893 676 958; x_wconf 91' lang='lat' dir='ltr'>sub</span> <span class='ocrx_word' id='word_1_30' title='bbox 708 895 790 976; x_wconf 88' lang='lat' dir='ltr'>ipso</span> <span class='ocrx_word' id='word_1_31' title='bbox 831 895 912 960; x_wconf 89' lang='lat' dir='ltr'>lucis</span> <span class='ocrx_word' id='word_1_32' title='bbox 959 912 1093 971; x_wconf 87' lang='lat' dir='ltr'>occasu,</span> <span class='ocrx_word' id='word_1_33' title='bbox 1141 913 1206 978; x_wconf 89' lang='lat' dir='ltr'>qua</span> <span class='ocrx_word' id='word_1_34' title='bbox 1252 893 1504 978; x_wconf 81' lang='lat' dir='ltr'>Tingitano</span> <span class='ocrx_word' id='word_1_35' title='bbox 1546 881 1673 962; x_wconf 88' lang='lat' dir='ltr'>litori</span> 
     </span>
     <span class='ocr_line' id='line_1_6' title="bbox 347 1017 1676 1105; baseline 0.001 -21"><span class='ocrx_word' id='word_1_36' title='bbox 347 1017 518 1105; x_wconf 82' lang='lat' dir='ltr'>Calpetani</span> <span class='ocrx_word' id='word_1_37' title='bbox 561 1019 686 1086; x_wconf 88' lang='lat' dir='ltr'>montis</span> <span class='ocrx_word' id='word_1_38' title='bbox 729 1019 863 1084; x_wconf 90' lang='lat' dir='ltr'>obvium</span> <span class='ocrx_word' id='word_1_39' title='bbox 904 1020 990 1085; x_wconf 87' lang='lat' dir='ltr'>latus</span> <span class='ocrx_word' id='word_1_40' title='bbox 1013 1020 1059 1105; x_wconf 90' lang='lat' dir='ltr'>in</span> <span class='ocrx_word' id='word_1_41' title='bbox 1104 1019 1369 1089; x_wconf 90' lang='lat' dir='ltr'>mediterraneos</span> <span class='ocrx_word' id='word_1_42' title='bbox 1407 1020 1501 1086; x_wconf 92' lang='lat' dir='ltr'>sinus</span> <span class='ocrx_word' id='word_1_43' title='bbox 1538 1020 1676 1086; x_wconf 85' lang='lat' dir='ltr'>admittit</span> 
     </span>
     <span class='ocr_line' id='line_1_7' title="bbox 347 1144 1673 1227; baseline 0 -17"><span class='ocrx_word' id='word_1_44' title='bbox 347 1161 523 1220; x_wconf 87' lang='lat' dir='ltr'>oceanum,</span> <span class='ocrx_word' id='word_1_45' title='bbox 548 1150 647 1210; x_wconf 92' lang='lat' dir='ltr'>ruunt</span> <span class='ocrx_word' id='word_1_46' title='bbox 666 1148 789 1210; x_wconf 90' lang='lat' dir='ltr'>omnes</span> <span class='ocrx_word' id='word_1_47' title='bbox 808 1145 838 1208; x_wconf 89' lang='lat' dir='ltr'>in</span> <span class='ocrx_word' id='word_1_48' title='bbox 859 1145 1057 1227; x_wconf 81' lang='lat' dir='ltr'>sanguinem</span> <span class='ocrx_word' id='word_1_49' title='bbox 1078 1162 1177 1211; x_wconf 93' lang='lat' dir='ltr'>suum</span> <span class='ocrx_word' id='word_1_50' title='bbox 1200 1145 1325 1227; x_wconf 89' lang='lat' dir='ltr'>populi,</span> <span class='ocrx_word' id='word_1_51' title='bbox 1350 1144 1478 1227; x_wconf 90' lang='lat' dir='ltr'>quibus</span> <span class='ocrx_word' id='word_1_52' title='bbox 1492 1163 1673 1227; x_wconf 85' lang='lat' dir='ltr'>numquam</span> 
     </span>
     <span class='ocr_line' id='line_1_8' title="bbox 347 1248 1675 1354; baseline 0.002 -22"><span class='ocrx_word' id='word_1_53' title='bbox 347 1248 484 1352; x_wconf 80' lang='lat' dir='ltr'>contigit</span> <span class='ocrx_word' id='word_1_54' title='bbox 511 1285 586 1334; x_wconf 87' lang='lat' dir='ltr'>esse</span> <span class='ocrx_word' id='word_1_55' title='bbox 620 1266 789 1345; x_wconf 77' lang='lat' dir='ltr'>Romanis</span> <span class='ocrx_word' id='word_1_56' title='bbox 823 1269 1077 1351; x_wconf 84' lang='lat' dir='ltr'>obstinataeque</span> <span class='ocrx_word' id='word_1_57' title='bbox 1109 1268 1245 1334; x_wconf 81' lang='lat' dir='ltr'>feritatis</span> <span class='ocrx_word' id='word_1_58' title='bbox 1276 1285 1407 1351; x_wconf 90' lang='lat' dir='ltr'>poenas</span> <span class='ocrx_word' id='word_1_59' title='bbox 1437 1288 1525 1335; x_wconf 92' lang='lat' dir='ltr'>nunc</span> <span class='ocrx_word' id='word_1_60' title='bbox 1550 1277 1675 1354; x_wconf 73' lang='lat' dir='ltr'>‘sponte</span> 
     </span>
     <span class='ocr_line' id='line_1_9' title="bbox 347 1392 1541 1475; baseline -0.001 -17"><span class='ocrx_word' id='word_1_61' title='bbox 347 1392 622 1475; x_wconf 53' lang='lat' dir='ltr'>OEfflmffl‘.</span> <span class='ocrx_word' id='word_1_62' title='bbox 805 1403 806 1406; x_wconf 75' lang='grc'>’</span> <span class='ocrx_word' id='word_1_63' title='bbox 1539 1397 1541 1402; x_wconf 88' lang='grc'><strong>’</strong></span> 
     </span>
    </p>
   </div>
   <div class='ocr_carea' id='block_1_4' title="bbox 347 1507 1674 2244">
    <p class='ocr_par' dir='ltr' id='par_1_4' title="bbox 347 1507 1674 2244">
     <span class='ocr_line' id='line_1_10' title="bbox 428 1507 1674 1620; baseline -0.001 -19"><span class='ocrx_word' id='word_1_64' title='bbox 428 1523 429 1528; x_wconf 60' lang='grc'>’</span> <span class='ocrx_word' id='word_1_65' title='bbox 452 1533 569 1618; x_wconf 92' lang='lat' dir='ltr'>Neque</span> <span class='ocrx_word' id='word_1_66' title='bbox 594 1537 706 1602; x_wconf 87' lang='lat' dir='ltr'>minus</span> <span class='ocrx_word' id='word_1_67' title='bbox 730 1537 894 1603; x_wconf 86' lang='lat' dir='ltr'>rhetorice</span> <span class='ocrx_word' id='word_1_68' title='bbox 919 1537 951 1603; x_wconf 92' lang='lat' dir='ltr'>hi</span> <span class='ocrx_word' id='word_1_69' title='bbox 976 1543 1098 1619; x_wconf 90' lang='lat' dir='ltr'>poetae</span> <span class='ocrx_word' id='word_1_70' title='bbox 1121 1537 1369 1618; x_wconf 84' lang='lat' dir='ltr'>scriptoresque</span> <span class='ocrx_word' id='word_1_71' title='bbox 1389 1507 1517 1620; x_wconf 91' lang='lat' dir='ltr'>imperii</span> <span class='ocrx_word' id='word_1_72' title='bbox 1534 1535 1674 1604; x_wconf 85' lang='lat' dir='ltr'>Romani</span> 
     </span>
     <span class='ocr_line' id='line_1_11' title="bbox 347 1659 1405 1743; baseline -0.002 -17"><span class='ocrx_word' id='word_1_73' title='bbox 347 1659 607 1743; x_wconf 80' lang='lat' dir='ltr'>magnitudinem</span> <span class='ocrx_word' id='word_1_74' title='bbox 635 1661 787 1728; x_wconf 88' lang='lat' dir='ltr'>laudibus</span> <span class='ocrx_word' id='word_1_75' title='bbox 811 1659 950 1727; x_wconf 90' lang='lat' dir='ltr'>tollunt:</span> <span class='ocrx_word' id='word_1_76' title='bbox 978 1659 1129 1728; x_wconf 85' lang='lat' dir='ltr'>llorat.</span> <span class='ocrx_word' id='word_1_77' title='bbox 1154 1680 1184 1743; x_wconf 76' lang='lat' dir='ltr'>c,</span> <span class='ocrx_word' id='word_1_78' title='bbox 1208 1659 1248 1726; x_wconf 88' lang='lat' dir='ltr'>lV</span> <span class='ocrx_word' id='word_1_79' title='bbox 1276 1663 1323 1740; x_wconf 83' lang='lat'>15,</span> <span class='ocrx_word' id='word_1_80' title='bbox 1337 1662 1405 1727; x_wconf 82' lang='lat' dir='ltr'>-2t:</span> 
     </span>
     <span class='ocr_line' id='line_1_12' title="bbox 505 1766 1397 1868; baseline 0.002 -18"><span class='ocrx_word' id='word_1_81' title='bbox 505 1786 903 1868; x_wconf 83' lang='lat' dir='ltr'>„nonquiproiundum</span> <span class='ocrx_word' id='word_1_82' title='bbox 931 1784 1326 1852; x_wconf 87' lang='lat' dir='ltr'>Danuviumbibunt</span> <span class='ocrx_word' id='word_1_83' title='bbox 1392 1766 1397 1775; x_wconf 54' lang='grc'>’</span> 
     </span>
     <span class='ocr_line' id='line_1_13' title="bbox 363 1903 1299 1993; baseline 0.001 -17"><span class='ocrx_word' id='word_1_84' title='bbox 363 1913 366 1920; x_wconf 85' lang='grc'><strong>’</strong></span> <span class='ocrx_word' id='word_1_85' title='bbox 435 1936 442 1954; x_wconf 66' lang='grc'><strong>»</strong></span> <span class='ocrx_word' id='word_1_86' title='bbox 505 1909 611 1976; x_wconf 87' lang='lat' dir='ltr'>edicta</span> <span class='ocrx_word' id='word_1_87' title='bbox 635 1919 790 1993; x_wconf 91' lang='lat' dir='ltr'>rumpent</span> <span class='ocrx_word' id='word_1_88' title='bbox 814 1909 900 1988; x_wconf 85' lang='lat' dir='ltr'>lulla,</span> <span class='ocrx_word' id='word_1_89' title='bbox 926 1928 994 1977; x_wconf 92' lang='lat' dir='ltr'>non</span> <span class='ocrx_word' id='word_1_90' title='bbox 1020 1910 1135 1988; x_wconf 86' lang='lat' dir='ltr'>Getae,</span> <span class='ocrx_word' id='word_1_91' title='bbox 1297 1903 1299 1907; x_wconf 74' lang='grc'><strong>’</strong></span> 
     </span>
     <span class='ocr_line' id='line_1_14' title="bbox 560 2006 1062 2112; baseline 0.004 -12"><span class='ocrx_word' id='word_1_92' title='bbox 560 2051 628 2101; x_wconf 92' lang='lat' dir='ltr'>non</span> <span class='ocrx_word' id='word_1_93' title='bbox 653 2035 759 2112; x_wconf 84' lang='lat' dir='ltr'>Seres,</span> <span class='ocrx_word' id='word_1_94' title='bbox 785 2006 916 2101; x_wconf 84' lang='lat' dir='ltr'>inlidive</span> <span class='ocrx_word' id='word_1_95' title='bbox 941 2034 1062 2102; x_wconf 85' lang='lat' dir='ltr'>Persae</span> 
     </span>
     <span class='ocr_line' id='line_1_15' title="bbox 585 2154 1284 2244; baseline 0.004 -20"><span class='ocrx_word' id='word_1_96' title='bbox 585 2231 588 2239; x_wconf 58' lang='grc'><strong>,</strong></span> <span class='ocrx_word' id='word_1_97' title='bbox 614 2154 879 2226; x_wconf 74' lang='lat' dir='ltr'>non&#39;Tanain</span> <span class='ocrx_word' id='word_1_98' title='bbox 907 2177 1014 2244; x_wconf 90' lang='lat' dir='ltr'>prope</span> <span class='ocrx_word' id='word_1_99' title='bbox 1038 2161 1163 2227; x_wconf 91' lang='lat' dir='ltr'>llumen</span> <span class='ocrx_word' id='word_1_100' title='bbox 1189 2162 1284 2227; x_wconf 89' lang='lat' dir='ltr'>orti.“</span> 
     </span>
    </p>
   </div>
   <div class='ocr_carea' id='block_1_5' title="bbox 322 2301 1680 2637">
    <p class='ocr_par' dir='ltr' id='par_1_5' title="bbox 322 2301 1680 2637">
     <span class='ocr_line' id='line_1_16' title="bbox 322 2301 1238 2394; baseline 0 -26"><span class='ocrx_word' id='word_1_101' title='bbox 322 2301 432 2394; x_wconf 87' lang='lat' dir='ltr'>idem</span> <span class='ocrx_word' id='word_1_102' title='bbox 459 2321 486 2368; x_wconf 90' lang='lat' dir='ltr'>c.</span> <span class='ocrx_word' id='word_1_103' title='bbox 512 2301 552 2368; x_wconf 88' lang='lat' dir='ltr'>lV</span> <span class='ocrx_word' id='word_1_104' title='bbox 581 2307 628 2380; x_wconf 85' lang='lat'>14,</span> <span class='ocrx_word' id='word_1_105' title='bbox 653 2306 704 2379; x_wconf 84' lang='lat'>41,</span> <span class='ocrx_word' id='word_1_106' title='bbox 730 2304 783 2368; x_wconf 90' lang='lat' dir='ltr'>ubi</span> <span class='ocrx_word' id='word_1_107' title='bbox 809 2303 981 2387; x_wconf 79' lang='lat' dir='ltr'>Augustus</span> <span class='ocrx_word' id='word_1_108' title='bbox 1006 2302 1238 2387; x_wconf 87' lang='lat' dir='ltr'>celebratur1):</span> 
     </span>
     <span class='ocr_line' id='line_1_17' title="bbox 508 2426 1148 2506; baseline 0.003 -14"><span class='ocrx_word' id='word_1_109' title='bbox 508 2434 558 2506; x_wconf 89' lang='lat' dir='ltr'>„te</span> <span class='ocrx_word' id='word_1_110' title='bbox 582 2426 749 2494; x_wconf 86' lang='lat' dir='ltr'>Cantaber</span> <span class='ocrx_word' id='word_1_111' title='bbox 774 2431 842 2493; x_wconf 92' lang='lat' dir='ltr'>non</span> <span class='ocrx_word' id='word_1_112' title='bbox 868 2437 944 2494; x_wconf 89' lang='lat' dir='ltr'>ante</span> <span class='ocrx_word' id='word_1_113' title='bbox 969 2428 1148 2496; x_wconf 91' lang='lat' dir='ltr'>domabilis</span> 
     </span>
     <span class='ocr_line' id='line_1_18' title="bbox 506 2552 1680 2637; baseline 0 -19"><span class='ocrx_word' id='word_1_114' title='bbox 506 2552 756 2635; x_wconf 83' lang='lat' dir='ltr'>Medusque</span> <span class='ocrx_word' id='word_1_115' title='bbox 780 2559 811 2617; x_wconf 89' lang='lat' dir='ltr'>et</span> <span class='ocrx_word' id='word_1_116' title='bbox 836 2552 986 2630; x_wconf 88' lang='lat' dir='ltr'>indus,</span> <span class='ocrx_word' id='word_1_117' title='bbox 1019 2559 1050 2619; x_wconf 96' lang='lat' dir='ltr'>te</span> <span class='ocrx_word' id='word_1_118' title='bbox 1076 2553 1239 2636; x_wconf 79' lang='lat' dir='ltr'>profugus</span> <span class='ocrx_word' id='word_1_119' title='bbox 1263 2553 1455 2636; x_wconf 85' lang='lat' dir='ltr'>Scythes</span> <span class='ocrx_word' id='word_1_120' title='bbox 1478 2553 1680 2637; x_wconf 87' lang='lat' dir='ltr'>(miratur).“</span> 
     </span>
    </p>
   </div>
   <div class='ocr_carea' id='block_1_6' title="bbox 304 2694 677 2800">
    <p class='ocr_par' dir='ltr' id='par_1_6' title="bbox 304 2694 677 2800">
     <span class='ocr_line' id='line_1_19' title="bbox 304 2694 677 2800; baseline -0.016 -35"><span class='ocrx_word' id='word_1_121' title='bbox 304 2762 305 2765; x_wconf 74' lang='grc'>,</span> <span class='ocrx_word' id='word_1_122' title='bbox 345 2694 431 2800; x_wconf 90' lang='lat' dir='ltr'>idem</span> <span class='ocrx_word' id='word_1_123' title='bbox 458 2713 484 2758; x_wconf 87' lang='lat' dir='ltr'>c.</span> <span class='ocrx_word' id='word_1_124' title='bbox 510 2712 596 2761; x_wconf 89' lang='lat' dir='ltr'>saec.</span> <span class='ocrx_word' id='word_1_125' title='bbox 620 2697 677 2760; x_wconf 83' lang='lat'>53:</span> 
     </span>
    </p>
   </div>
   <div class='ocr_carea' id='block_1_7' title="bbox 344 2820 1479 3523">
    <p class='ocr_par' dir='ltr' id='par_1_7' title="bbox 344 2820 1479 3523">
     <span class='ocr_line' id='line_1_20' title="bbox 408 2820 1313 2903; baseline 0.009 -25"><span class='ocrx_word' id='word_1_126' title='bbox 408 2871 411 2878; x_wconf 93' lang='grc'><em>,</em></span> <span class='ocrx_word' id='word_1_127' title='bbox 507 2820 592 2898; x_wconf 91' lang='lat' dir='ltr'>„iam</span> <span class='ocrx_word' id='word_1_128' title='bbox 619 2820 700 2884; x_wconf 87' lang='lat' dir='ltr'>mari</span> <span class='ocrx_word' id='word_1_129' title='bbox 726 2827 879 2903; x_wconf 86' lang='lat' dir='ltr'>terraque</span> <span class='ocrx_word' id='word_1_130' title='bbox 905 2838 1026 2886; x_wconf 91' lang='lat' dir='ltr'>manus</span> <span class='ocrx_word' id='word_1_131' title='bbox 1051 2821 1197 2903; x_wconf 88' lang='lat' dir='ltr'>potentis</span> <span class='ocrx_word' id='word_1_132' title='bbox 1311 2837 1313 2840; x_wconf 84' lang='lat'>·</span> 
     </span>
     <span class='ocr_line' id='line_1_21' title="bbox 501 2943 1162 3027; baseline 0.002 -18"><span class='ocrx_word' id='word_1_133' title='bbox 501 2944 658 3011; x_wconf 87' lang='lat' dir='ltr'>ltledus</span> <span class='ocrx_word' id='word_1_134' title='bbox 682 2943 895 3027; x_wconf 77' lang='lat' dir='ltr'>Albanasque</span> <span class='ocrx_word' id='word_1_135' title='bbox 919 2945 1011 3011; x_wconf 89' lang='lat' dir='ltr'>timet</span> <span class='ocrx_word' id='word_1_136' title='bbox 1036 2945 1162 3010; x_wconf 88' lang='lat' dir='ltr'>securis</span> 
     </span>
     <span class='ocr_line' id='line_1_22' title="bbox 506 3047 1316 3152; baseline 0 -18"><span class='ocrx_word' id='word_1_137' title='bbox 506 3071 570 3136; x_wconf 88' lang='lat' dir='ltr'>iam</span> <span class='ocrx_word' id='word_1_138' title='bbox 596 3069 791 3152; x_wconf 84' lang='lat' dir='ltr'>Scythae</span> <span class='ocrx_word' id='word_1_139' title='bbox 826 3047 991 3152; x_wconf 85' lang='lat' dir='ltr'>responsa</span> <span class='ocrx_word' id='word_1_140' title='bbox 1024 3077 1148 3151; x_wconf 83' lang='lat' dir='ltr'>petunt,</span> <span class='ocrx_word' id='word_1_141' title='bbox 1182 3069 1316 3152; x_wconf 91' lang='lat' dir='ltr'>superbi</span> 
     </span>
     <span class='ocr_line' id='line_1_23' title="bbox 599 3193 984 3286; baseline -0.003 -27"><span class='ocrx_word' id='word_1_142' title='bbox 599 3277 604 3286; x_wconf 23' lang='grc' dir='ltr'>ι</span> <span class='ocrx_word' id='word_1_143' title='bbox 665 3193 984 3278; x_wconf 81' lang='lat' dir='ltr'>nuper‚etlndi.“</span> 
     </span>
     <span class='ocr_line' id='line_1_24' title="bbox 344 3301 881 3385; baseline -0.004 0"><span class='ocrx_word' id='word_1_144' title='bbox 344 3301 881 3385; x_wconf 57' lang='lat' dir='ltr'>elaborandumque:</span> 
     </span>
     <span class='ocr_line' id='line_1_25' title="bbox 506 3412 1479 3523; baseline 0 -15"><span class='ocrx_word' id='word_1_145' title='bbox 506 3497 567 3523; x_wconf 90' lang='lat'><strong>„...</strong></span> <span class='ocrx_word' id='word_1_146' title='bbox 592 3445 643 3508; x_wconf 92' lang='lat' dir='ltr'>cui</span> <span class='ocrx_word' id='word_1_147' title='bbox 670 3452 738 3510; x_wconf 92' lang='lat' dir='ltr'>non</span> <span class='ocrx_word' id='word_1_148' title='bbox 764 3441 910 3520; x_wconf 82' lang='lat' dir='ltr'>Nilus,</span> <span class='ocrx_word' id='word_1_149' title='bbox 936 3460 1004 3509; x_wconf 90' lang='lat' dir='ltr'>non</span> <span class='ocrx_word' id='word_1_150' title='bbox 1031 3412 1283 3522; x_wconf 86' lang='lat' dir='ltr'>intulit-ludia</span> <span class='ocrx_word' id='word_1_151' title='bbox 1308 3449 1479 3519; x_wconf 84' lang='lat' dir='ltr'>metas“‚</span> 
     </span>
    </p>
   </div>
   <div class='ocr_carea' id='block_1_8' title="bbox 253 3583 805 3654">
    <p class='ocr_par' dir='ltr' id='par_1_8' title="bbox 253 3583 805 3654">
     <span class='ocr_line' id='line_1_26' title="bbox 253 3583 805 3654; baseline 0.002 -2"><span class='ocrx_word' id='word_1_152' title='bbox 253 3583 258 3588; x_wconf 74' lang='grc'>’</span> <span class='ocrx_word' id='word_1_153' title='bbox 343 3587 429 3654; x_wconf 92' lang='lat' dir='ltr'>idem</span> <span class='ocrx_word' id='word_1_154' title='bbox 455 3585 496 3652; x_wconf 88' lang='lat' dir='ltr'>lV</span> <span class='ocrx_word' id='word_1_155' title='bbox 522 3586 609 3653; x_wconf 83' lang='lat' dir='ltr'>llon.</span> <span class='ocrx_word' id='word_1_156' title='bbox 633 3604 702 3653; x_wconf 92' lang='lat' dir='ltr'>cos.</span> <span class='ocrx_word' id='word_1_157' title='bbox 728 3589 805 3653; x_wconf 80' lang='lat'>257:</span> 
     </span>
    </p>
   </div>
   <div class='ocr_carea' id='block_1_9' title="bbox 502 3709 1593 3913">
    <p class='ocr_par' dir='ltr' id='par_1_9' title="bbox 502 3709 1593 3913">
     <span class='ocr_line' id='line_1_27' title="bbox 505 3709 1417 3794; baseline 0 -16"><span class='ocrx_word' id='word_1_158' title='bbox 505 3709 573 3790; x_wconf 82' lang='lat' dir='ltr'>„Tu</span> <span class='ocrx_word' id='word_1_159' title='bbox 600 3713 673 3778; x_wconf 92' lang='lat' dir='ltr'>licet</span> <span class='ocrx_word' id='word_1_160' title='bbox 697 3718 867 3777; x_wconf 86' lang='lat' dir='ltr'>extremos</span> <span class='ocrx_word' id='word_1_161' title='bbox 893 3713 955 3777; x_wconf 88' lang='lat' dir='ltr'>late</span> <span class='ocrx_word' id='word_1_162' title='bbox 981 3711 1157 3777; x_wconf 88' lang='lat' dir='ltr'>dominare</span> <span class='ocrx_word' id='word_1_163' title='bbox 1183 3724 1242 3794; x_wconf 86' lang='lat' dir='ltr'>per</span> <span class='ocrx_word' id='word_1_164' title='bbox 1267 3710 1417 3788; x_wconf 86' lang='lat' dir='ltr'>ludos,</span> 
     </span>
     <span class='ocr_line' id='line_1_28' title="bbox 502 3835 1593 3913; baseline -0.001 -12"><span class='ocrx_word' id='word_1_165' title='bbox 502 3845 533 3902; x_wconf 93' lang='lat' dir='ltr'>te</span> <span class='ocrx_word' id='word_1_166' title='bbox 559 3835 729 3912; x_wconf 82' lang='lat' dir='ltr'>Medus,</span> <span class='ocrx_word' id='word_1_167' title='bbox 755 3843 785 3902; x_wconf 88' lang='lat' dir='ltr'>te</span> <span class='ocrx_word' id='word_1_168' title='bbox 811 3836 922 3902; x_wconf 90' lang='lat' dir='ltr'>mollis</span> <span class='ocrx_word' id='word_1_169' title='bbox 947 3836 1061 3913; x_wconf 84' lang='lat' dir='ltr'>Arabs,</span> <span class='ocrx_word' id='word_1_170' title='bbox 1085 3844 1117 3902; x_wconf 91' lang='lat' dir='ltr'>te</span> <span class='ocrx_word' id='word_1_171' title='bbox 1141 3835 1240 3901; x_wconf 86' lang='lat' dir='ltr'>Seres</span> <span class='ocrx_word' id='word_1_172' title='bbox 1264 3836 1515 3912; x_wconf 81' lang='lat' dir='ltr'>adorent“.²)</span> <span class='ocrx_word' id='word_1_173' title='bbox 1590 3881 1593 3886; x_wconf 86' lang='lat'><em>-</em></span> 
     </span>
    </p>
   </div>
   <div class='ocr_carea' id='block_1_10' title="bbox 285 4021 1683 4717">
    <p class='ocr_par' dir='ltr' id='par_1_10' title="bbox 285 4021 1683 4717">
     <span class='ocr_line' id='line_1_29' title="bbox 348 4021 1683 4092; baseline 0 -14"><span class='ocrx_word' id='word_1_174' title='bbox 348 4028 356 4078; x_wconf 99' lang='lat' dir='ltr'>l</span> <span class='ocrx_word' id='word_1_175' title='bbox 376 4026 421 4092; x_wconf 80' lang='lat'>39,</span> <span class='ocrx_word' id='word_1_176' title='bbox 442 4026 471 4078; x_wconf 86' lang='lat'>6:</span> <span class='ocrx_word' id='word_1_177' title='bbox 494 4026 646 4091; x_wconf 81' lang='lat' dir='ltr'>„Lucullus</span> <span class='ocrx_word' id='word_1_178' title='bbox 666 4021 822 4092; x_wconf 87' lang='lat' dir='ltr'>(pervenit)</span> <span class='ocrx_word' id='word_1_179' title='bbox 846 4028 882 4077; x_wconf 87' lang='lat' dir='ltr'>ad</span> <span class='ocrx_word' id='word_1_180' title='bbox 906 4025 1060 4077; x_wconf 88' lang='lat' dir='ltr'>terminum</span> <span class='ocrx_word' id='word_1_181' title='bbox 1080 4025 1209 4092; x_wconf 84' lang='lat' dir='ltr'>gentium</span> <span class='ocrx_word' id='word_1_182' title='bbox 1229 4024 1383 4077; x_wconf 90' lang='lat' dir='ltr'>Tanain</span> <span class='ocrx_word' id='word_1_183' title='bbox 1405 4025 1555 4090; x_wconf 88' lang='lat' dir='ltr'>lacumque</span> <span class='ocrx_word' id='word_1_184' title='bbox 1576 4021 1683 4078; x_wconf 86' lang='lat' dir='ltr'>Mae-</span> 
     </span>
     <span class='ocr_line' id='line_1_30' title="bbox 285 4112 518 4174; baseline -0.013 -4"><span class='ocrx_word' id='word_1_185' title='bbox 285 4165 287 4170; x_wconf 91' lang='lat'><em>.</em></span> <span class='ocrx_word' id='word_1_186' title='bbox 342 4112 465 4168; x_wconf 84' lang='lat' dir='ltr'>otim.“</span> <span class='ocrx_word' id='word_1_187' title='bbox 512 4161 518 4174; x_wconf 84' lang='lat'>,</span> 
     </span>
     <span class='ocr_line' id='line_1_31' title="bbox 449 4198 1464 4269; baseline -0.001 -12"><span class='ocrx_word' id='word_1_188' title='bbox 449 4198 471 4266; x_wconf 83' lang='grc'>1)</span> <span class='ocrx_word' id='word_1_189' title='bbox 494 4203 619 4258; x_wconf 84' lang='lat' dir='ltr'>Similem</span> <span class='ocrx_word' id='word_1_190' title='bbox 640 4203 820 4269; x_wconf 85' lang='lat' dir='ltr'>imperatoris</span> <span class='ocrx_word' id='word_1_191' title='bbox 838 4204 960 4266; x_wconf 51' lang='lat' dir='ltr'>‚landem</span> <span class='ocrx_word' id='word_1_192' title='bbox 981 4202 1090 4269; x_wconf 81' lang='lat' dir='ltr'>profert</span> <span class='ocrx_word' id='word_1_193' title='bbox 1109 4202 1229 4255; x_wconf 86' lang='lat' dir='ltr'>Marti</span> <span class='ocrx_word' id='word_1_194' title='bbox 1243 4217 1259 4254; x_wconf 95' lang='lat' dir='ltr'>a</span> <span class='ocrx_word' id='word_1_195' title='bbox 1272 4204 1288 4257; x_wconf 92' lang='lat' dir='ltr'>l.</span> <span class='ocrx_word' id='word_1_196' title='bbox 1309 4200 1367 4255; x_wconf 89' lang='lat' dir='ltr'>Xll</span> <span class='ocrx_word' id='word_1_197' title='bbox 1386 4203 1414 4268; x_wconf 89' lang='lat'>8,</span> <span class='ocrx_word' id='word_1_198' title='bbox 1433 4203 1464 4256; x_wconf 88' lang='lat'>8:</span> 
     </span>
     <span class='ocr_line' id='line_1_32' title="bbox 716 4292 1354 4360; baseline 0.003 -16"><span class='ocrx_word' id='word_1_199' title='bbox 716 4293 910 4359; x_wconf 83' lang='lat' dir='ltr'>„Parthorum</span> <span class='ocrx_word' id='word_1_200' title='bbox 930 4305 1057 4360; x_wconf 88' lang='lat' dir='ltr'>proceres</span> <span class='ocrx_word' id='word_1_201' title='bbox 1079 4293 1221 4359; x_wconf 84' lang='lat' dir='ltr'>ducesque</span> <span class='ocrx_word' id='word_1_202' title='bbox 1245 4292 1354 4357; x_wconf 88' lang='lat' dir='ltr'>Serum,</span> 
     </span>
     <span class='ocr_line' id='line_1_33' title="bbox 713 4381 1354 4448; baseline -0.003 -14"><span class='ocrx_word' id='word_1_203' title='bbox 713 4383 846 4447; x_wconf 87' lang='lat' dir='ltr'>Thraces,</span> <span class='ocrx_word' id='word_1_204' title='bbox 869 4382 1069 4448; x_wconf 76' lang='lat' dir='ltr'>Sauromatae,</span> <span class='ocrx_word' id='word_1_205' title='bbox 1093 4382 1190 4447; x_wconf 85' lang='lat' dir='ltr'>Getae,</span> <span class='ocrx_word' id='word_1_206' title='bbox 1214 4381 1354 4446; x_wconf 87' lang='lat' dir='ltr'>Britanni,</span> 
     </span>
     <span class='ocr_line' id='line_1_34' title="bbox 715 4468 1526 4543; baseline -0.004 -19"><span class='ocrx_word' id='word_1_207' title='bbox 715 4483 830 4538; x_wconf 86' lang='lat' dir='ltr'>possum</span> <span class='ocrx_word' id='word_1_208' title='bbox 850 4474 1000 4524; x_wconf 86' lang='lat' dir='ltr'>ostendere</span> <span class='ocrx_word' id='word_1_209' title='bbox 1022 4471 1183 4524; x_wconf 88' lang='lat' dir='ltr'>Caesarem:</span> <span class='ocrx_word' id='word_1_210' title='bbox 1204 4468 1330 4524; x_wconf 86' lang='lat' dir='ltr'>venite.“</span> <span class='ocrx_word' id='word_1_211' title='bbox 1525 4540 1526 4543; x_wconf 7' lang='grc' dir='ltr'><strong>Ἴ</strong></span> 
     </span>
     <span class='ocr_line' id='line_1_35' title="bbox 448 4557 1679 4628; baseline 0 -14"><span class='ocrx_word' id='word_1_212' title='bbox 448 4557 469 4625; x_wconf 81' lang='lat'>²)</span> <span class='ocrx_word' id='word_1_213' title='bbox 491 4562 596 4614; x_wconf 87' lang='lat' dir='ltr'>Poetae</span> <span class='ocrx_word' id='word_1_214' title='bbox 626 4561 720 4628; x_wconf 90' lang='lat' dir='ltr'>quinti</span> <span class='ocrx_word' id='word_1_215' title='bbox 750 4575 777 4628; x_wconf 88' lang='lat' dir='ltr'>p.</span> <span class='ocrx_word' id='word_1_216' title='bbox 800 4562 863 4615; x_wconf 87' lang='lat' dir='ltr'>Chr.</span> <span class='ocrx_word' id='word_1_217' title='bbox 884 4575 912 4614; x_wconf 91' lang='lat' dir='ltr'>n.</span> <span class='ocrx_word' id='word_1_218' title='bbox 941 4561 1057 4627; x_wconf 91' lang='lat' dir='ltr'>saeculi,</span> <span class='ocrx_word' id='word_1_219' title='bbox 1087 4575 1143 4627; x_wconf 91' lang='lat' dir='ltr'>quo</span> <span class='ocrx_word' id='word_1_220' title='bbox 1174 4561 1323 4627; x_wconf 91' lang='lat' dir='ltr'>imperium</span> <span class='ocrx_word' id='word_1_221' title='bbox 1342 4561 1381 4611; x_wconf 36' lang='lat' dir='ltr'>,in</span> <span class='ocrx_word' id='word_1_222' title='bbox 1410 4559 1522 4627; x_wconf 87' lang='lat' dir='ltr'>ruinam</span> <span class='ocrx_word' id='word_1_223' title='bbox 1552 4571 1679 4626; x_wconf 88' lang='lat' dir='ltr'>pronum</span> 
     </span>
     <span class='ocr_line' id='line_1_36' title="bbox 342 4649 1680 4717; baseline -0.001 -13"><span class='ocrx_word' id='word_1_224' title='bbox 342 4650 496 4704; x_wconf 88' lang='lat' dir='ltr'>videbatur</span> <span class='ocrx_word' id='word_1_225' title='bbox 516 4663 585 4717; x_wconf 88' lang='lat' dir='ltr'>esse,</span> <span class='ocrx_word' id='word_1_226' title='bbox 605 4652 681 4703; x_wconf 87' lang='lat' dir='ltr'>hunc</span> <span class='ocrx_word' id='word_1_227' title='bbox 702 4652 793 4703; x_wconf 91' lang='lat' dir='ltr'>locum</span> <span class='ocrx_word' id='word_1_228' title='bbox 815 4663 996 4702; x_wconf 91' lang='lat' dir='ltr'>communem</span> <span class='ocrx_word' id='word_1_229' title='bbox 1018 4649 1194 4717; x_wconf 87' lang='lat' dir='ltr'>temporibus</span> <span class='ocrx_word' id='word_1_230' title='bbox 1215 4651 1431 4703; x_wconf 91' lang='lat' dir='ltr'>accommodare</span> <span class='ocrx_word' id='word_1_231' title='bbox 1450 4649 1580 4714; x_wconf 88' lang='lat' dir='ltr'>student,</span> <span class='ocrx_word' id='word_1_232' title='bbox 1611 4662 1680 4703; x_wconf 88' lang='lat' dir='ltr'>cum</span> 
     </span>
    </p>
   </div>
   <div class='ocr_carea' id='block_1_11' title="bbox 0 0 1836 5509">
    <p class='ocr_par' dir='ltr' id='par_1_11' title="bbox 0 0 1836 5509">
     <span class='ocr_line' id='line_1_37' title="bbox 0 0 1836 5509; baseline 0 0"><span class='ocrx_word' id='word_1_233' title='bbox 0 0 1836 5509; x_wconf 95' lang='lat' dir='ltr'> </span> 
     </span>
    </p>
   </div>
  </div>
 </body>
</html>
