3682 5520
238 312 351 376 '60

416 487 647 592 animust
679 524 753 588 nr:
982 592 984 596 ,

522 647 651 726 „Aurea
675 647 838 730 turrigero
865 645 993 711 radient
1016 643 1204 710 diademata
1228 662 1335 722 con0‚,

347 837 348 840 ,
630 778 882 855 perpetuosque
906 771 1000 854 ignes
1026 786 1148 836 aureus
1173 769 1278 835 umbo
1303 775 1449 835 vomal.“

308 899 315 961 i
328 896 421 963 dem
457 898 518 962 197
543 913 591 980 sq.
1388 879 1390 883 ¹

523 1038 607 1118 „Sed
632 1038 712 1105 caeli
738 1039 836 1122 plaga
860 1037 1034 1104 candidior
1057 1045 1248 1122 tractusque
1272 1009 1413 1103 serenus

573 1164 681 1247 signat
705 1164 852 1246 septenis
876 1163 1023 1229 culmina
1046 1164 1135 1230 clara
1160 1164 1253 1248 iugis:

521 1287 619 1354 lllic
650 1289 863 1371 perpetui
892 1288 1038 1366 soles,
1071 1295 1170 1373 atque
1197 1289 1267 1371 ipse
1291 1259 1419 1353 videtur

413 1414 507 1499 (200)
574 1430 674 1497 quem
700 1413 772 1512 sibi
787 1412 895 1482 Roma
918 1413 996 1480 iacit
1021 1414 1137 1497 purior
1160 1431 1234 1480 esse
1259 1412 1358 1478 diest

414 1554 483 1638 Qui
521 1563 622 1640 poeta
660 1557 690 1621 in
729 1557 880 1622 versibus
921 1558 1069 1641 199s200
1107 1555 1233 1640 profert
1275 1556 1345 1621 auri
1386 1554 1527 1638 fulgoris
1565 1571 1638 1630 eam

308 1680 602 1764 praedicationem,
629 1699 740 1764 quam,
770 1680 862 1764 quod
888 1681 929 1747 ab
955 1681 1026 1748 aliis
1051 1697 1188 1764 quoque
1213 1681 1322 1763 poetis
1346 1680 1509 1746 similibus
1533 1679 1641 1745 verbis

269 1869 271 1872 .
307 1823 465 1888 expressa
485 1812 548 1884 est,
582 1824 623 1873 ex
653 1806 772 1872 schola
803 1805 1041 1873 declamatoria
1073 1805 1236 1890 originem
1264 1805 1395 1870 trahere
1419 1805 1639 1886 suspicamur.

309 1928 421 1996 Poetis
445 1931 533 1996 enim
561 1929 703 2000 Romam
722 1931 940 1997 'laudantibus
965 1931 997 1996 in
1022 1902 1147 1996 deliciis
1171 1937 1222 1996 est
1245 1929 1448 2012 templorum
1473 1929 1639 2012 fulgorem

307 2030 383 2122 cum
409 2055 493 2123 solis
518 2057 625 2123 nitore
650 2070 867 2144 comparare;
895 2057 936 2121 ita
960 2044 1118 2122 lllan'ili
1132 2074 1179 2122 us
1199 2055 1227 2121 V
1247 2055 1328 2123 510:

416 2179 523 2258 „ilinc
547 2188 689 2266 augusta
714 2182 818 2248 nitent
842 2182 980 2248 sacratis
1005 2198 1145 2247 munera
1170 2180 1311 2264 templis,

315 2359 317 2365 .
413 2323 550 2371 aurea
575 2290 803 2374 Phoebeis
836 2307 1065 2397 certantia
1096 2306 1265 2372 lumina
1294 2305 1512 2406 flammis,

412 2443 692 2514 gemmarumque
716 2406 818 2510 iubar,
844 2432 1011 2498 radiantes
1026 2431 1164 2497 'lucibus
1189 2430 1337 2514 ignes&

262 2585 264 2588 ·
307 2571 594 2664 Claudianus
618 2572 739 2640 Stilich.
765 2574 799 2640 lll
827 2576 903 2641 133:

572 2697 710 2783 (Roma)
735 2699 966 2783 „quaeluce
988 2699 1165 2765 metalli

414 2823 548 2889 aemula
571 2825 685 2890 vicinis
709 2824 839 2908 lastigia
864 2825 1076 2919 conserit
1099 2823 1270 2892 astris.“

307 2964 392 3030 idem
418 2963 542 3032 Stilich.
568 2965 602 3031 ill
627 2969 689 3046 65:

392 3176 395 3186 Ι
499 3149 500 3157 ,
572 3089 725 3188 „Septem
752 3093 970 3184 circumspice
995 3099 1140 3172 montes,
1171 3143 1173 3148 .

300 3293 303 3299 ¹
412 3217 467 3298 qui
492 3216 602 3283 solis
627 3212 769 3284 radios
794 3204 881 3285 auri
906 3218 1075 3302 lulgore
1100 3218 1331 3296 lacessunt,
1432 3273 1435 3282 ,

411 3339 615 3425 indutosque
640 3360 737 3409 arcus
761 3343 906 3426 spoliis.“

305 3481 454 3549 similiter
478 3503 616 3568 quoque
640 3484 839 3554 Ovidius
863 3505 902 3554 ex
928 3485 1022 3554 Pont.
1047 3486 1069 3553 ll
1097 3490 1123 3566 l,
1147 3491 1205 3554 41:

412 3607 549 3693 „Deque
573 3583 804 3695 tropaeorum,
829 3611 935 3697 quod
959 3609 1023 3678 s'ol
1049 3613 1291 3696 incenderit,
1316 3629 1416 3680 auro

518 3753 620 3802 aurea
645 3734 786 3805 Romani
811 3744 896 3804 tecta
919 3737 1022 3803 luisse
1045 3737 1171 3822 lorl‘1).
1218 3793 1222 3799 .

413 3921 439 3987 1)·
457 3926 584 3978 Eandem
605 3927 855 3994 exaggerationem
876 3911 1047 3980 rhetoricam
1069 3927 1230 3981 invenimus
1260 3929 1288 3980 in
1317 3929 1360 3983 his
1382 3915 1552 3995 'eorippi
1582 3939 1643 3978 ver-

258 4052 260 4056 ·
305 4014 383 4067 sibus
409 4012 734 4082 lust.(lVllbsqq.):
1686 4039 1702 4088 r

415 4104 556 4170 „extabat
575 4105 666 4169 sedes,
686 4117 755 4156 auro
776 4105 954 4172 gemmisque
974 4105 1109 4174 superba,
1698 4129 1712 4214 ⁴

319 4223 321 4226 <
414 4193 509 4246 lumen
529 4194 637 4247 habens
658 4193 717 4246 sine
737 4195 794 4246 sole
815 4207 914 4259 suum;
935 4195 1130 4262 inlustratque
1150 4198 1325 4264 propinquos
1655 4265 1656 4270 η

412 4296 591 4351 gemmarum
612 4285 717 4336 natura
739 4283 825 4349 locos,
845 4297 998 4351 rerumque
1018 4284 1124 4338 colores
1250 4302 1253 4306 ’
1679 4265 1697 4425 ζ

413 4374 529 4426 mutans
549 4374 579 4425 et
601 4372 707 4424 Phoebi
728 4373 822 4426 radios
843 4372 980 4441 fulgentis
1000 4373 1196 4428 obumbrans“
1623 4357 1625 4363 Α
1686 4428 1692 4445 ,

226 4448 228 4452 ’
305 4462 334 4514 et
369 4463 446 4528 apud
480 4461 695 4530 Apuleium
730 4464 799 4516 met.
821 4463 845 4516 V
867 4463 895 4536 lg
935 4464 1067 4532 „totique
1107 4464 1228 4532 parietes
1266 4465 1382 4518 solidati
1417 4465 1516 4519 massis
1550 4464 1641 4517 aureis
1678 4466 1696 4561 g
1749 4463 1752 4480 ³

305 4551 454 4619 splendore
475 4551 589 4618 proprio
609 4550 772 4616 coruscant,
795 4554 827 4605 ut
847 4552 922 4604 diem
942 4567 1026 4606 suurn
1044 4553 1097 4606 sibi
1120 4554 1221 4607 domus
1242 4553 1331 4607 iaciat
1352 4554 1416 4607 licet
1435 4553 1494 4608 sole
1514 4553 1642 4606 nolente:
1687 4574 1696 4608 .·

305 4641 344 4692 sic
364 4640 507 4702 cubicula,
530 4640 569 4694 sic
590 4642 727 4708 porticus,
751 4641 790 4694 sic
811 4642 888 4709 ipsae
910 4641 1012 4695 valvae
1033 4640 1213 4713 fulgurant“,
1239 4645 1265 4694 in
1288 4644 1336 4696 Ph
1349 4644 1442 4697 ilnn.
1479 4645 1549 4711 Byz.
1568 4647 1641 4712 sept.
1671 4593 1687 4710 Q

1674 4725 1687 4847 l

1682 4849 1696 4923 ἱ
1833 4913 1834 4988 l

1687 4950 1834 5392 Ἣ
