<?xml version="1.0" encoding="UTF-8"?>
<!DOCTYPE html PUBLIC "-//W3C//DTD XHTML 1.0 Transitional//EN"
    "http://www.w3.org/TR/xhtml1/DTD/xhtml1-transitional.dtd">
<html xmlns="http://www.w3.org/1999/xhtml" xml:lang="en" lang="en">
 <head>
  <title>
</title>
<meta http-equiv="Content-Type" content="text/html;charset=utf-8" />
  <meta name='ocr-system' content='tesseract 3.04.00' />
  <meta name='ocr-capabilities' content='ocr_page ocr_carea ocr_par ocr_line ocrx_word'/>
</head>
<body>
  <div class='ocr_page' id='page_1' title='image "./laudesromae00gerngoog_0148.png"; bbox 0 0 3664 5512; ppageno 0'>
   <div class='ocr_carea' id='block_1_1' title="bbox 1504 329 1565 394">
    <p class='ocr_par' dir='ltr' id='par_1_1' title="bbox 1504 329 1565 394">
     <span class='ocr_line' id='line_1_1' title="bbox 1504 329 1565 394; baseline 0 0"><span class='ocrx_word' id='word_1_1' title='bbox 1504 329 1565 394; x_wconf 85' lang='grc'>135</span> 
     </span>
    </p>
   </div>
   <div class='ocr_carea' id='block_1_2' title="bbox 236 536 1566 623">
    <p class='ocr_par' dir='ltr' id='par_1_2' title="bbox 236 536 1566 623">
     <span class='ocr_line' id='line_1_2' title="bbox 236 536 1566 623; baseline 0.003 -23"><span class='ocrx_word' id='word_1_2' title='bbox 236 536 291 600; x_wconf 83' lang='grc' dir='ltr'>καὶ</span> <span class='ocrx_word' id='word_1_3' title='bbox 324 537 413 602; x_wconf 72' lang='grc' dir='ltr'><em>οὔτε</em></span> <span class='ocrx_word' id='word_1_4' title='bbox 429 538 576 610; x_wconf 76' lang='grc' dir='ltr'><em>ιλάλα-ττα</em></span> <span class='ocrx_word' id='word_1_5' title='bbox 608 538 739 621; x_wconf 79' lang='grc' dir='ltr'><em>διείργει</em></span> <span class='ocrx_word' id='word_1_6' title='bbox 773 537 808 603; x_wconf 81' lang='grc' dir='ltr'>τὸ</span> <span class='ocrx_word' id='word_1_7' title='bbox 838 540 882 622; x_wconf 78' lang='grc' dir='ltr'>μὴ</span> <span class='ocrx_word' id='word_1_8' title='bbox 916 539 996 603; x_wconf 87' lang='grc' dir='ltr'><em>εἶναι</em></span> <span class='ocrx_word' id='word_1_9' title='bbox 1023 538 1158 622; x_wconf 85' lang='grc' dir='ltr'><em>πολίτην</em></span> <span class='ocrx_word' id='word_1_10' title='bbox 1189 543 1262 605; x_wconf 65' lang='grc' dir='ltr'><em>οὔτε</em></span> <span class='ocrx_word' id='word_1_11' title='bbox 1279 541 1417 623; x_wconf 64' lang='grc' dir='ltr'><em>,πλῆθος</em></span> <span class='ocrx_word' id='word_1_12' title='bbox 1447 549 1504 623; x_wconf 82' lang='grc' dir='ltr'>τῆς</span> <span class='ocrx_word' id='word_1_13' title='bbox 1533 542 1566 606; x_wconf 84' lang='grc' dir='ltr'>έν</span> 
     </span>
    </p>
   </div>
   <div class='ocr_carea' id='block_1_3' title="bbox 234 662 1677 752">
    <p class='ocr_par' dir='ltr' id='par_1_3' title="bbox 234 662 1677 752">
     <span class='ocr_line' id='line_1_3' title="bbox 234 662 1677 752; baseline 0.004 -26"><span class='ocrx_word' id='word_1_14' title='bbox 234 663 326 745; x_wconf 85' lang='grc' dir='ltr'>μέσῳ</span> <span class='ocrx_word' id='word_1_15' title='bbox 350 662 459 746; x_wconf 90' lang='grc' dir='ltr'><em>χώρας</em></span> <span class='ocrx_word' id='word_1_16' title='bbox 560 666 684 738; x_wconf 84' lang='grc' dir='ltr'><em>ξένος</em></span> <span class='ocrx_word' id='word_1_17' title='bbox 707 663 892 739; x_wconf 75' lang='grc' dir='ltr'><em>ὃόὐῦεἱς</em></span> <span class='ocrx_word' id='word_1_18' title='bbox 917 668 1005 740; x_wconf 86' lang='grc' dir='ltr'><em>ὅστις</em></span> <span class='ocrx_word' id='word_1_19' title='bbox 1029 664 1130 748; x_wconf 83' lang='grc' dir='ltr'><em>ἀρχῆς</em></span> <span class='ocrx_word' id='word_1_20' title='bbox 1152 668 1173 749; x_wconf 81' lang='grc' dir='ltr'><em>ἢ</em></span> <span class='ocrx_word' id='word_1_21' title='bbox 1192 663 1334 740; x_wconf 83' lang='grc' dir='ltr'><em>πίστεως</em></span> <span class='ocrx_word' id='word_1_22' title='bbox 1353 667 1451 741; x_wconf 83' lang='grc' dir='ltr'><em>ἄξιος,</em></span> <span class='ocrx_word' id='word_1_23' title='bbox 1478 664 1564 732; x_wconf 81' lang='lat' dir='ltr'>idem</span> <span class='ocrx_word' id='word_1_24' title='bbox 1672 746 1677 752; x_wconf 16' lang='grc' dir='ltr'><em>Ο</em></span> 
     </span>
    </p>
   </div>
   <div class='ocr_carea' id='block_1_4' title="bbox 207 784 1567 1996">
    <p class='ocr_par' dir='ltr' id='par_1_4' title="bbox 207 784 1567 1514">
     <span class='ocr_line' id='line_1_4' title="bbox 237 784 1566 874; baseline 0.002 -24"><span class='ocrx_word' id='word_1_25' title='bbox 237 784 371 853; x_wconf 75' lang='lat' dir='ltr'>uberius</span> <span class='ocrx_word' id='word_1_26' title='bbox 395 787 482 870; x_wconf 80' lang='lat'>(63):</span> <span class='ocrx_word' id='word_1_27' title='bbox 507 787 562 851; x_wconf 79' lang='grc' dir='ltr'><em>ιιαὶ</em></span> <span class='ocrx_word' id='word_1_28' title='bbox 586 788 622 852; x_wconf 83' lang='grc' dir='ltr'>τὸ</span> <span class='ocrx_word' id='word_1_29' title='bbox 648 789 811 870; x_wconf 78' lang='grc' dir='ltr'><em>Ῥωμαῖον</em></span> <span class='ocrx_word' id='word_1_30' title='bbox 835 789 913 853; x_wconf 89' lang='grc' dir='ltr'><em>εἶναι</em></span> <span class='ocrx_word' id='word_1_31' title='bbox 938 790 1112 873; x_wconf 84' lang='grc' dir='ltr'><em>ἐποιήσατε</em></span> <span class='ocrx_word' id='word_1_32' title='bbox 1136 791 1173 854; x_wconf 80' lang='grc' dir='ltr'>οὐ</span> <span class='ocrx_word' id='word_1_33' title='bbox 1187 789 1329 865; x_wconf 84' lang='grc' dir='ltr'><em>πόλεως,</em></span> <span class='ocrx_word' id='word_1_34' title='bbox 1355 789 1436 856; x_wconf 87' lang='grc' dir='ltr'><em>ἀλλὰ</em></span> <span class='ocrx_word' id='word_1_35' title='bbox 1455 791 1566 874; x_wconf 83' lang='grc' dir='ltr'><em>γένους</em></span> 
     </span>
     <span class='ocr_line' id='line_1_5' title="bbox 237 906 1567 1006; baseline 0.004 -31"><span class='ocrx_word' id='word_1_36' title='bbox 237 913 337 994; x_wconf 82' lang='grc' dir='ltr'><em>ὄνομα</em></span> <span class='ocrx_word' id='word_1_37' title='bbox 360 921 470 976; x_wconf 82' lang='grc' dir='ltr'><em>κοινοῦ</em></span> <span class='ocrx_word' id='word_1_38' title='bbox 495 906 588 988; x_wconf 73' lang='grc' dir='ltr'><em>τίνος,</em></span> <span class='ocrx_word' id='word_1_39' title='bbox 622 912 677 1006; x_wconf 80' lang='grc' dir='ltr'>καὶ</span> <span class='ocrx_word' id='word_1_40' title='bbox 701 913 816 980; x_wconf 81' lang='grc' dir='ltr'><strong><em>τούτου</em></strong></span> <span class='ocrx_word' id='word_1_41' title='bbox 840 916 898 997; x_wconf 85' lang='grc' dir='ltr'>οὐχ</span> <span class='ocrx_word' id='word_1_42' title='bbox 923 914 992 990; x_wconf 84' lang='grc' dir='ltr'><em>ἑνὸς</em></span> <span class='ocrx_word' id='word_1_43' title='bbox 1016 922 1080 979; x_wconf 78' lang='grc' dir='ltr'>τῶν</span> <span class='ocrx_word' id='word_1_44' title='bbox 1103 915 1241 988; x_wconf 80' lang='grc' dir='ltr'><em>πάντων,</em></span> <span class='ocrx_word' id='word_1_45' title='bbox 1276 913 1346 977; x_wconf 83' lang='grc' dir='ltr'><em>ἀλλ’</em></span> <span class='ocrx_word' id='word_1_46' title='bbox 1376 913 1567 999; x_wconf 85' lang='grc' dir='ltr'><em>ἀντιρρόπου</em></span> 
     </span>
     <span class='ocr_line' id='line_1_6' title="bbox 236 1029 1567 1123; baseline 0.002 -22"><span class='ocrx_word' id='word_1_47' title='bbox 236 1046 316 1101; x_wconf 86' lang='grc' dir='ltr'><em>πᾶσι</em></span> <span class='ocrx_word' id='word_1_48' title='bbox 340 1046 407 1111; x_wconf 82' lang='grc' dir='ltr'><em>τοῖς</em></span> <span class='ocrx_word' id='word_1_49' title='bbox 430 1037 563 1112; x_wconf 81' lang='grc' dir='ltr'><strong><em>λοιποῖς.</em></strong></span> <span class='ocrx_word' id='word_1_50' title='bbox 590 1039 626 1100; x_wconf 85' lang='grc' dir='ltr'>οὐ</span> <span class='ocrx_word' id='word_1_51' title='bbox 650 1038 711 1120; x_wconf 83' lang='grc' dir='ltr'>γὰρ</span> <span class='ocrx_word' id='word_1_52' title='bbox 736 1039 781 1113; x_wconf 89' lang='grc' dir='ltr'><em>εἰς</em></span> <span class='ocrx_word' id='word_1_53' title='bbox 805 1037 960 1121; x_wconf 77' lang='grc' dir='ltr'><em>Ἕλληνας</em></span> <span class='ocrx_word' id='word_1_54' title='bbox 983 1035 1038 1107; x_wconf 67' lang='grc' dir='ltr'><em>οιαὶ</em></span> <span class='ocrx_word' id='word_1_55' title='bbox 1065 1039 1247 1122; x_wconf 79' lang='grc' dir='ltr'><strong><em>βαρβάρους</em></strong></span> <span class='ocrx_word' id='word_1_56' title='bbox 1274 1029 1424 1123; x_wconf 82' lang='grc' dir='ltr'><em>ὃιαιρεῖτε</em></span> <span class='ocrx_word' id='word_1_57' title='bbox 1450 1047 1504 1102; x_wconf 81' lang='grc' dir='ltr'>νῦν</span> <span class='ocrx_word' id='word_1_58' title='bbox 1527 1040 1567 1104; x_wconf 82' lang='grc' dir='ltr'>τὰ</span> 
     </span>
     <span class='ocr_line' id='line_1_7' title="bbox 207 1133 1567 1246; baseline 0.001 -21"><span class='ocrx_word' id='word_1_59' title='bbox 207 1225 210 1230; x_wconf 88' lang='grc'><em>,</em></span> <span class='ocrx_word' id='word_1_60' title='bbox 236 1162 312 1244; x_wconf 82' lang='grc' dir='ltr'><em>γένη</em></span> <span class='ocrx_word' id='word_1_61' title='bbox 432 1161 503 1224; x_wconf 72' lang='grc' dir='ltr'><em>ἀλλ’</em></span> <span class='ocrx_word' id='word_1_62' title='bbox 537 1164 582 1237; x_wconf 85' lang='grc' dir='ltr'><em>εἰς</em></span> <span class='ocrx_word' id='word_1_63' title='bbox 611 1159 793 1244; x_wconf 82' lang='grc' dir='ltr'><strong><em>Ῥωμαίους</em></strong></span> <span class='ocrx_word' id='word_1_64' title='bbox 827 1133 861 1227; x_wconf 82' lang='grc' dir='ltr'><em>τε</em></span> <span class='ocrx_word' id='word_1_65' title='bbox 889 1163 945 1227; x_wconf 80' lang='grc' dir='ltr'>καὶ</span> <span class='ocrx_word' id='word_1_66' title='bbox 978 1165 1014 1226; x_wconf 85' lang='grc' dir='ltr'>οὐ</span> <span class='ocrx_word' id='word_1_67' title='bbox 1042 1162 1225 1246; x_wconf 81' lang='grc' dir='ltr'><strong><em>Ῥωμαίους</em></strong></span> <span class='ocrx_word' id='word_1_68' title='bbox 1258 1163 1480 1228; x_wconf 83' lang='grc' dir='ltr'><em>ἀντιδιείλετε·</em></span> <span class='ocrx_word' id='word_1_69' title='bbox 1515 1163 1567 1228; x_wconf 79' lang='grc' dir='ltr'>ἐπὶ</span> 
     </span>
     <span class='ocr_line' id='line_1_8' title="bbox 238 1283 1201 1379; baseline 0.002 -29"><span class='ocrx_word' id='word_1_70' title='bbox 238 1283 391 1350; x_wconf 81' lang='grc' dir='ltr'><em>τοσοῦτον</em></span> <span class='ocrx_word' id='word_1_71' title='bbox 416 1287 592 1370; x_wconf 80' lang='grc' dir='ltr'><em>ἔξηγάγετε</em></span> <span class='ocrx_word' id='word_1_72' title='bbox 616 1287 733 1379; x_wconf 19' lang='grc' dir='ltr'><em>τέ’-τῆς</em></span> <span class='ocrx_word' id='word_1_73' title='bbox 757 1287 884 1362; x_wconf 82' lang='grc' dir='ltr'><em>πόλεως</em></span> <span class='ocrx_word' id='word_1_74' title='bbox 908 1291 1019 1371; x_wconf 85' lang='grc' dir='ltr'><em>ὄνομα,</em></span> <span class='ocrx_word' id='word_1_75' title='bbox 1198 1283 1201 1289; x_wconf 64' lang='grc'><strong>’</strong></span> 
     </span>
     <span class='ocr_line' id='line_1_9' title="bbox 239 1410 873 1514; baseline -0.002 -37"><span class='ocrx_word' id='word_1_76' title='bbox 239 1410 514 1514; x_wconf 84' lang='lat' dir='ltr'>Prudentius</span> <span class='ocrx_word' id='word_1_77' title='bbox 539 1414 570 1477; x_wconf 95' lang='lat' dir='ltr'>in</span> <span class='ocrx_word' id='word_1_78' title='bbox 596 1410 721 1495; x_wconf 87' lang='lat' dir='ltr'>Symm.</span> <span class='ocrx_word' id='word_1_79' title='bbox 747 1411 768 1477; x_wconf 95' lang='lat' dir='ltr'>ll</span> <span class='ocrx_word' id='word_1_80' title='bbox 793 1414 873 1479; x_wconf 82' lang='lat'>604:</span> 
     </span>
    </p>

    <p class='ocr_par' dir='ltr' id='par_1_5' title="bbox 230 1534 1511 1756">
     <span class='ocr_line' id='line_1_10' title="bbox 401 1534 1511 1620; baseline -0.001 -15"><span class='ocrx_word' id='word_1_81' title='bbox 401 1535 664 1620; x_wconf 84' lang='lat' dir='ltr'>„Romanosque</span> <span class='ocrx_word' id='word_1_82' title='bbox 689 1554 811 1602; x_wconf 88' lang='lat' dir='ltr'>omnes</span> <span class='ocrx_word' id='word_1_83' title='bbox 833 1537 912 1614; x_wconf 89' lang='lat' dir='ltr'>lieri,</span> <span class='ocrx_word' id='word_1_84' title='bbox 937 1555 1025 1620; x_wconf 87' lang='lat' dir='ltr'>quos</span> <span class='ocrx_word' id='word_1_85' title='bbox 1051 1534 1185 1605; x_wconf 81' lang='lat' dir='ltr'>Rhenus</span> <span class='ocrx_word' id='word_1_86' title='bbox 1209 1545 1241 1605; x_wconf 92' lang='lat' dir='ltr'>et</span> <span class='ocrx_word' id='word_1_87' title='bbox 1265 1536 1350 1614; x_wconf 87' lang='lat' dir='ltr'>ister,</span> <span class='ocrx_word' id='word_1_88' title='bbox 1503 1551 1511 1580; x_wconf 60' lang='lat' dir='ltr'>t</span> 
     </span>
     <span class='ocr_line' id='line_1_11' title="bbox 230 1631 1448 1756; baseline 0.002 -29"><span class='ocrx_word' id='word_1_89' title='bbox 230 1631 233 1636; x_wconf 30' lang='lat'><em>¹</em></span> <span class='ocrx_word' id='word_1_90' title='bbox 262 1644 265 1648; x_wconf 55' lang='grc'><strong>’</strong></span> <span class='ocrx_word' id='word_1_91' title='bbox 398 1678 486 1756; x_wconf 86' lang='lat' dir='ltr'>quos</span> <span class='ocrx_word' id='word_1_92' title='bbox 509 1659 622 1748; x_wconf 83' lang='lat' dir='ltr'>Tagus</span> <span class='ocrx_word' id='word_1_93' title='bbox 651 1661 820 1740; x_wconf 75' lang='lat' dir='ltr'>aurifluus,</span> <span class='ocrx_word' id='word_1_94' title='bbox 848 1678 937 1745; x_wconf 88' lang='lat' dir='ltr'>quos</span> <span class='ocrx_word' id='word_1_95' title='bbox 963 1653 1106 1745; x_wconf 80' lang='lat' dir='ltr'>magnus</span> <span class='ocrx_word' id='word_1_96' title='bbox 1135 1661 1273 1728; x_wconf 89' lang='lat' dir='ltr'>inundat</span> <span class='ocrx_word' id='word_1_97' title='bbox 1298 1662 1448 1739; x_wconf 81' lang='lat' dir='ltr'>iliberus,</span> 
     </span>
    </p>

    <p class='ocr_par' dir='ltr' id='par_1_6' title="bbox 290 1761 1348 1996">
     <span class='ocr_line' id='line_1_12' title="bbox 290 1761 1316 1879; baseline 0.003 -28"><span class='ocrx_word' id='word_1_98' title='bbox 290 1761 292 1765; x_wconf 32' lang='lat'>⁵</span> <span class='ocrx_word' id='word_1_99' title='bbox 399 1787 553 1870; x_wconf 80' lang='lat' dir='ltr'>corniger</span> <span class='ocrx_word' id='word_1_100' title='bbox 578 1785 799 1870; x_wconf 79' lang='lat' dir='ltr'>Hesperidum</span> <span class='ocrx_word' id='word_1_101' title='bbox 825 1771 913 1870; x_wconf 84' lang='lat' dir='ltr'>quos</span> <span class='ocrx_word' id='word_1_102' title='bbox 938 1787 1148 1879; x_wconf 63' lang='lat' dir='ltr'>interlabitur,</span> <span class='ocrx_word' id='word_1_103' title='bbox 1172 1793 1204 1853; x_wconf 91' lang='lat' dir='ltr'>et</span> <span class='ocrx_word' id='word_1_104' title='bbox 1227 1805 1316 1870; x_wconf 87' lang='lat' dir='ltr'>quos</span> 
     </span>
     <span class='ocr_line' id='line_1_13' title="bbox 400 1903 1348 1996; baseline -0.001 -18"><span class='ocrx_word' id='word_1_105' title='bbox 400 1910 537 1994; x_wconf 80' lang='lat' dir='ltr'>Ganges</span> <span class='ocrx_word' id='word_1_106' title='bbox 566 1910 621 1977; x_wconf 90' lang='lat' dir='ltr'>alit</span> <span class='ocrx_word' id='word_1_107' title='bbox 648 1911 814 1994; x_wconf 88' lang='lat' dir='ltr'>tepidique</span> <span class='ocrx_word' id='word_1_108' title='bbox 844 1903 954 1976; x_wconf 84' lang='lat' dir='ltr'>lavant</span> <span class='ocrx_word' id='word_1_109' title='bbox 982 1918 1110 1996; x_wconf 87' lang='lat' dir='ltr'>septem</span> <span class='ocrx_word' id='word_1_110' title='bbox 1141 1913 1228 1979; x_wconf 89' lang='lat' dir='ltr'>ostia</span> <span class='ocrx_word' id='word_1_111' title='bbox 1253 1911 1348 1989; x_wconf 88' lang='lat' dir='ltr'>Nili“,</span> 
     </span>
    </p>
   </div>
   <div class='ocr_carea' id='block_1_5' title="bbox 240 2035 1282 2762">
    <p class='ocr_par' dir='ltr' id='par_1_7' title="bbox 240 2035 1282 2762">
     <span class='ocr_line' id='line_1_14' title="bbox 240 2035 825 2120; baseline 0.002 -2"><span class='ocrx_word' id='word_1_112' title='bbox 240 2052 471 2119; x_wconf 70' lang='lat' dir='ltr'>claudian.</span> <span class='ocrx_word' id='word_1_113' title='bbox 495 2053 617 2120; x_wconf 78' lang='lat' dir='ltr'>sanct.</span> <span class='ocrx_word' id='word_1_114' title='bbox 642 2053 675 2120; x_wconf 89' lang='lat' dir='ltr'>nr</span> <span class='ocrx_word' id='word_1_115' title='bbox 706 2057 782 2119; x_wconf 68' lang='lat' dir='ltr'>rste</span> <span class='ocrx_word' id='word_1_116' title='bbox 821 2035 825 2044; x_wconf 85' lang='lat'>&#39;</span> 
     </span>
     <span class='ocr_line' id='line_1_15' title="bbox 402 2177 1282 2273; baseline 0.001 -29"><span class='ocrx_word' id='word_1_117' title='bbox 402 2177 685 2262; x_wconf 78' lang='lat' dir='ltr'>„Humanumque</span> <span class='ocrx_word' id='word_1_118' title='bbox 709 2193 815 2263; x_wconf 81' lang='lat' dir='ltr'>genus</span> <span class='ocrx_word' id='word_1_119' title='bbox 840 2180 1012 2245; x_wconf 89' lang='lat' dir='ltr'>communi</span> <span class='ocrx_word' id='word_1_120' title='bbox 1040 2180 1177 2273; x_wconf 89' lang='lat' dir='ltr'>nomine</span> <span class='ocrx_word' id='word_1_121' title='bbox 1200 2179 1282 2245; x_wconf 82' lang='lat' dir='ltr'>fovit</span> 
     </span>
     <span class='ocr_line' id='line_1_16' title="bbox 401 2297 1220 2386; baseline 0.002 -18"><span class='ocrx_word' id='word_1_122' title='bbox 401 2303 523 2378; x_wconf 92' lang='lat' dir='ltr'>matris,</span> <span class='ocrx_word' id='word_1_123' title='bbox 548 2297 616 2369; x_wconf 89' lang='lat' dir='ltr'>non</span> <span class='ocrx_word' id='word_1_124' title='bbox 642 2302 800 2368; x_wconf 90' lang='lat' dir='ltr'>dominae</span> <span class='ocrx_word' id='word_1_125' title='bbox 826 2304 886 2369; x_wconf 89' lang='lat' dir='ltr'>ritu</span> <span class='ocrx_word' id='word_1_126' title='bbox 912 2303 1066 2386; x_wconf 86' lang='lat' dir='ltr'>civesque</span> <span class='ocrx_word' id='word_1_127' title='bbox 1089 2305 1220 2371; x_wconf 86' lang='lat' dir='ltr'>vocavit</span> 
     </span>
     <span class='ocr_line' id='line_1_17' title="bbox 370 2427 1282 2513; baseline 0.001 -19"><span class='ocrx_word' id='word_1_128' title='bbox 370 2499 372 2510; x_wconf 53' lang='grc'>,</span> <span class='ocrx_word' id='word_1_129' title='bbox 401 2445 490 2511; x_wconf 86' lang='lat' dir='ltr'>quos</span> <span class='ocrx_word' id='word_1_130' title='bbox 513 2427 644 2494; x_wconf 82' lang='lat' dir='ltr'>domuit</span> <span class='ocrx_word' id='word_1_131' title='bbox 668 2446 821 2511; x_wconf 85' lang='lat' dir='ltr'>nexuque</span> <span class='ocrx_word' id='word_1_132' title='bbox 847 2429 904 2513; x_wconf 89' lang='lat' dir='ltr'>pio</span> <span class='ocrx_word' id='word_1_133' title='bbox 929 2428 1112 2512; x_wconf 79' lang='lat' dir='ltr'>longinqua</span> <span class='ocrx_word' id='word_1_134' title='bbox 1138 2430 1282 2496; x_wconf 83' lang='lat' dir='ltr'>revinxit.</span> 
     </span>
     <span class='ocr_line' id='line_1_18' title="bbox 299 2523 1279 2635; baseline 0.002 -16"><span class='ocrx_word' id='word_1_135' title='bbox 299 2523 301 2527; x_wconf 15' lang='grc' dir='ltr'>Ι</span> <span class='ocrx_word' id='word_1_136' title='bbox 344 2583 349 2594; x_wconf 72' lang='lat'>=</span> <span class='ocrx_word' id='word_1_137' title='bbox 403 2546 509 2620; x_wconf 76' lang='lat' dir='ltr'>liuius</span> <span class='ocrx_word' id='word_1_138' title='bbox 535 2552 679 2635; x_wconf 83' lang='lat' dir='ltr'>pacincis</span> <span class='ocrx_word' id='word_1_139' title='bbox 704 2552 866 2620; x_wconf 89' lang='lat' dir='ltr'>debemus</span> <span class='ocrx_word' id='word_1_140' title='bbox 890 2554 1043 2620; x_wconf 89' lang='lat' dir='ltr'>moribus</span> <span class='ocrx_word' id='word_1_141' title='bbox 1067 2571 1211 2621; x_wconf 90' lang='lat' dir='ltr'>omnes.</span> <span class='ocrx_word' id='word_1_142' title='bbox 1229 2607 1279 2621; x_wconf 90' lang='lat'>...</span> 
     </span>
     <span class='ocr_line' id='line_1_19' title="bbox 315 2675 996 2762; baseline -0.003 -16"><span class='ocrx_word' id='word_1_143' title='bbox 315 2681 377 2746; x_wconf 84' lang='lat'>159</span> <span class='ocrx_word' id='word_1_144' title='bbox 400 2677 491 2761; x_wconf 84' lang='lat' dir='ltr'>quod</span> <span class='ocrx_word' id='word_1_145' title='bbox 517 2679 624 2744; x_wconf 87' lang='lat' dir='ltr'>cuncti</span> <span class='ocrx_word' id='word_1_146' title='bbox 649 2675 732 2762; x_wconf 82' lang='lat' dir='ltr'>gens</span> <span class='ocrx_word' id='word_1_147' title='bbox 757 2696 823 2744; x_wconf 90' lang='lat' dir='ltr'>una</span> <span class='ocrx_word' id='word_1_148' title='bbox 847 2684 996 2744; x_wconf 87' lang='lat' dir='ltr'>sumus.“</span> 
     </span>
    </p>
   </div>
   <div class='ocr_carea' id='block_1_6' title="bbox 243 2807 1344 3173">
    <p class='ocr_par' dir='ltr' id='par_1_8' title="bbox 243 2807 1344 3173">
     <span class='ocr_line' id='line_1_20' title="bbox 243 2807 1107 2916; baseline -0.013 -6"><span class='ocrx_word' id='word_1_149' title='bbox 243 2807 475 2910; x_wconf 72' lang='lat' dir='ltr'>nunnus&#39;t</span> <span class='ocrx_word' id='word_1_150' title='bbox 503 2840 558 2904; x_wconf 88' lang='lat' dir='ltr'>t3:</span> <span class='ocrx_word' id='word_1_151' title='bbox 1104 2907 1107 2916; x_wconf 55' lang='grc'><strong>,</strong></span> 
     </span>
     <span class='ocr_line' id='line_1_21' title="bbox 404 2962 1170 3046; baseline -0.004 -14"><span class='ocrx_word' id='word_1_152' title='bbox 404 2962 602 3046; x_wconf 78' lang='lat' dir='ltr'>„Relligiosa</span> <span class='ocrx_word' id='word_1_153' title='bbox 626 2970 715 3046; x_wconf 89' lang='lat' dir='ltr'>patet</span> <span class='ocrx_word' id='word_1_154' title='bbox 740 2965 933 3046; x_wconf 80' lang='lat' dir='ltr'>peregrinae</span> <span class='ocrx_word' id='word_1_155' title='bbox 958 2965 1048 3030; x_wconf 86' lang='lat' dir='ltr'>curia</span> <span class='ocrx_word' id='word_1_156' title='bbox 1073 2965 1170 3042; x_wconf 88' lang='lat' dir='ltr'>laudi,</span> 
     </span>
     <span class='ocr_line' id='line_1_22' title="bbox 510 3088 1344 3173; baseline 0.002 -19"><span class='ocrx_word' id='word_1_157' title='bbox 510 3106 570 3154; x_wconf 88' lang='lat' dir='ltr'>nec</span> <span class='ocrx_word' id='word_1_158' title='bbox 596 3095 687 3171; x_wconf 90' lang='lat' dir='ltr'>putat</span> <span class='ocrx_word' id='word_1_159' title='bbox 711 3094 877 3166; x_wconf 77' lang='lat' dir='ltr'>externos</span> <span class='ocrx_word' id='word_1_160' title='bbox 901 3107 990 3173; x_wconf 85' lang='lat' dir='ltr'>quos</span> <span class='ocrx_word' id='word_1_161' title='bbox 1015 3088 1108 3157; x_wconf 86' lang='lat' dir='ltr'>decet</span> <span class='ocrx_word' id='word_1_162' title='bbox 1132 3108 1207 3157; x_wconf 90' lang='lat' dir='ltr'>esse</span> <span class='ocrx_word' id='word_1_163' title='bbox 1231 3096 1344 3157; x_wconf 84' lang='lat' dir='ltr'>suos.“</span> 
     </span>
    </p>
   </div>
   <div class='ocr_carea' id='block_1_7' title="bbox 185 3248 1571 3584">
    <p class='ocr_par' dir='ltr' id='par_1_9' title="bbox 185 3248 1571 3584">
     <span class='ocr_line' id='line_1_23' title="bbox 243 3248 1570 3335; baseline 0.002 -19"><span class='ocrx_word' id='word_1_164' title='bbox 243 3250 312 3316; x_wconf 91' lang='lat' dir='ltr'>Nec</span> <span class='ocrx_word' id='word_1_165' title='bbox 335 3248 557 3324; x_wconf 85' lang='lat' dir='ltr'>Sidonius</span> <span class='ocrx_word' id='word_1_166' title='bbox 583 3250 649 3317; x_wconf 88' lang='lat' dir='ltr'>hoc</span> <span class='ocrx_word' id='word_1_167' title='bbox 672 3259 906 3334; x_wconf 79' lang='lat' dir='ltr'>argumentum</span> <span class='ocrx_word' id='word_1_168' title='bbox 934 3251 1087 3334; x_wconf 89' lang='lat' dir='ltr'>praeterit</span> <span class='ocrx_word' id='word_1_169' title='bbox 1110 3253 1218 3335; x_wconf 88' lang='lat' dir='ltr'>(epist.</span> <span class='ocrx_word' id='word_1_170' title='bbox 1243 3251 1252 3317; x_wconf 96' lang='lat' dir='ltr'>l</span> <span class='ocrx_word' id='word_1_171' title='bbox 1277 3255 1306 3330; x_wconf 82' lang='lat' dir='ltr'>d,</span> <span class='ocrx_word' id='word_1_172' title='bbox 1331 3252 1382 3335; x_wconf 87' lang='lat'>2):</span> <span class='ocrx_word' id='word_1_173' title='bbox 1410 3253 1570 3335; x_wconf 90' lang='lat' dir='ltr'>„patriam</span> 
     </span>
     <span class='ocr_line' id='line_1_24' title="bbox 243 3374 1571 3458; baseline 0.002 -18"><span class='ocrx_word' id='word_1_174' title='bbox 243 3375 409 3453; x_wconf 87' lang='lat' dir='ltr'>libertatis,</span> <span class='ocrx_word' id='word_1_175' title='bbox 443 3374 474 3440; x_wconf 90' lang='lat' dir='ltr'>in</span> <span class='ocrx_word' id='word_1_176' title='bbox 508 3393 574 3458; x_wconf 88' lang='lat' dir='ltr'>qua</span> <span class='ocrx_word' id='word_1_177' title='bbox 609 3377 705 3441; x_wconf 87' lang='lat' dir='ltr'>unica</span> <span class='ocrx_word' id='word_1_178' title='bbox 739 3377 842 3442; x_wconf 90' lang='lat' dir='ltr'>totius</span> <span class='ocrx_word' id='word_1_179' title='bbox 875 3377 968 3442; x_wconf 89' lang='lat' dir='ltr'>orbis</span> <span class='ocrx_word' id='word_1_180' title='bbox 1001 3376 1128 3442; x_wconf 89' lang='lat' dir='ltr'>civitate</span> <span class='ocrx_word' id='word_1_181' title='bbox 1161 3377 1226 3443; x_wconf 90' lang='lat' dir='ltr'>soli</span> <span class='ocrx_word' id='word_1_182' title='bbox 1261 3378 1389 3456; x_wconf 87' lang='lat' dir='ltr'>barbari</span> <span class='ocrx_word' id='word_1_183' title='bbox 1423 3385 1455 3443; x_wconf 88' lang='lat' dir='ltr'>et</span> <span class='ocrx_word' id='word_1_184' title='bbox 1487 3377 1571 3443; x_wconf 90' lang='lat' dir='ltr'>servi</span> 
     </span>
     <span class='ocr_line' id='line_1_25' title="bbox 185 3457 1105 3584; baseline 0.002 -19"><span class='ocrx_word' id='word_1_185' title='bbox 185 3481 187 3484; x_wconf 33' lang='lat'>⁵</span> <span class='ocrx_word' id='word_1_186' title='bbox 244 3501 523 3584; x_wconf 80' lang='lat' dir='ltr'>peregrinantur.“</span> <span class='ocrx_word' id='word_1_187' title='bbox 630 3529 634 3540; x_wconf 94' lang='lat'>·</span> <span class='ocrx_word' id='word_1_188' title='bbox 1099 3457 1105 3485; x_wconf 40' lang='grc'><strong><em>1</em></strong></span> 
     </span>
    </p>
   </div>
   <div class='ocr_carea' id='block_1_8' title="bbox 166 3621 1576 4610">
    <p class='ocr_par' dir='ltr' id='par_1_10' title="bbox 166 3621 1576 4610">
     <span class='ocr_line' id='line_1_26' title="bbox 271 3621 1571 3730; baseline 0.002 -22"><span class='ocrx_word' id='word_1_189' title='bbox 271 3635 273 3640; x_wconf 78' lang='grc'><strong>’</strong></span> <span class='ocrx_word' id='word_1_190' title='bbox 351 3641 434 3709; x_wconf 89' lang='lat' dir='ltr'>Cum</span> <span class='ocrx_word' id='word_1_191' title='bbox 458 3621 713 3730; x_wconf 90' lang='lat' dir='ltr'>autemomnes</span> <span class='ocrx_word' id='word_1_192' title='bbox 732 3643 800 3709; x_wconf 85' lang='lat' dir='ltr'>lere</span> <span class='ocrx_word' id='word_1_193' title='bbox 819 3645 922 3710; x_wconf 88' lang='lat' dir='ltr'>totius</span> <span class='ocrx_word' id='word_1_194' title='bbox 942 3644 1035 3710; x_wconf 89' lang='lat' dir='ltr'>orbis</span> <span class='ocrx_word' id='word_1_195' title='bbox 1054 3637 1186 3710; x_wconf 83' lang='lat' dir='ltr'>inc&#39;olae</span> <span class='ocrx_word' id='word_1_196' title='bbox 1206 3643 1294 3710; x_wconf 88' lang='lat' dir='ltr'>cives</span> <span class='ocrx_word' id='word_1_197' title='bbox 1314 3646 1412 3716; x_wconf 91' lang='lat' dir='ltr'>unius</span> <span class='ocrx_word' id='word_1_198' title='bbox 1437 3645 1571 3710; x_wconf 85' lang='lat' dir='ltr'>maximi</span> 
     </span>
     <span class='ocr_line' id='line_1_27' title="bbox 245 3741 1571 3852; baseline 0.001 -19"><span class='ocrx_word' id='word_1_199' title='bbox 245 3768 372 3851; x_wconf 90' lang='lat' dir='ltr'>imperii</span> <span class='ocrx_word' id='word_1_200' title='bbox 410 3769 482 3845; x_wconf 91' lang='lat' dir='ltr'>sint,</span> <span class='ocrx_word' id='word_1_201' title='bbox 526 3770 592 3834; x_wconf 87' lang='lat' dir='ltr'>troc</span> <span class='ocrx_word' id='word_1_202' title='bbox 631 3756 868 3851; x_wconf 88' lang='lat' dir='ltr'>imperium</span> <span class='ocrx_word' id='word_1_203' title='bbox 907 3741 1163 3836; x_wconf 89' lang='lat' dir='ltr'>communis</span> <span class='ocrx_word' id='word_1_204' title='bbox 1201 3786 1338 3852; x_wconf 85' lang='lat' dir='ltr'>quoque</span> <span class='ocrx_word' id='word_1_205' title='bbox 1375 3770 1571 3835; x_wconf 89' lang='lat' dir='ltr'>omnium</span> 
     </span>
     <span class='ocr_line' id='line_1_28' title="bbox 245 3893 1572 3980; baseline 0.001 -22"><span class='ocrx_word' id='word_1_206' title='bbox 245 3894 453 3980; x_wconf 21' lang='lat' dir='ltr'>gentium·</span> <span class='ocrx_word' id='word_1_207' title='bbox 478 3895 628 3977; x_wconf 87' lang='lat' dir='ltr'>patria</span> <span class='ocrx_word' id='word_1_208' title='bbox 658 3893 848 3960; x_wconf 88' lang='lat' dir='ltr'>habendum</span> <span class='ocrx_word' id='word_1_209' title='bbox 878 3900 935 3960; x_wconf 89' lang='lat' dir='ltr'>est.</span> <span class='ocrx_word' id='word_1_210' title='bbox 986 3893 1100 3977; x_wconf 89' lang='lat' dir='ltr'>Quam</span> <span class='ocrx_word' id='word_1_211' title='bbox 1134 3895 1331 3960; x_wconf 91' lang='lat' dir='ltr'>sententiam</span> <span class='ocrx_word' id='word_1_212' title='bbox 1365 3912 1440 3959; x_wconf 88' lang='lat' dir='ltr'>cum</span> <span class='ocrx_word' id='word_1_213' title='bbox 1473 3895 1572 3961; x_wconf 88' lang='lat' dir='ltr'>etiam</span> 
     </span>
     <span class='ocr_line' id='line_1_29' title="bbox 193 3999 1573 4103; baseline 0 -20"><span class='ocrx_word' id='word_1_214' title='bbox 193 4095 194 4100; x_wconf 8' lang='grc' dir='ltr'><strong><em>ς</em></strong></span> <span class='ocrx_word' id='word_1_215' title='bbox 245 4018 276 4083; x_wconf 94' lang='lat' dir='ltr'>in</span> <span class='ocrx_word' id='word_1_216' title='bbox 303 4016 526 4085; x_wconf 88' lang='lat' dir='ltr'>isocratis</span> <span class='ocrx_word' id='word_1_217' title='bbox 551 3999 802 4087; x_wconf 81' lang='lat' dir='ltr'>Atheniensium</span> <span class='ocrx_word' id='word_1_218' title='bbox 824 4020 984 4085; x_wconf 84' lang='lat' dir='ltr'>encomio</span> <span class='ocrx_word' id='word_1_219' title='bbox 1009 4019 1168 4103; x_wconf 84' lang='lat' dir='ltr'>legamus,</span> <span class='ocrx_word' id='word_1_220' title='bbox 1193 4018 1247 4102; x_wconf 88' lang='lat' dir='ltr'>qui</span> <span class='ocrx_word' id='word_1_221' title='bbox 1274 4017 1457 4095; x_wconf 85' lang='lat' dir='ltr'>laudantur,</span> <span class='ocrx_word' id='word_1_222' title='bbox 1481 4017 1573 4101; x_wconf 89' lang='lat' dir='ltr'>quod</span> 
     </span>
     <span class='ocr_line' id='line_1_30' title="bbox 245 4115 1574 4242; baseline -0.002 -33"><span class='ocrx_word' id='word_1_223' title='bbox 245 4143 317 4227; x_wconf 84' lang='lat'>(52)</span> <span class='ocrx_word' id='word_1_224' title='bbox 340 4146 467 4208; x_wconf 83' lang='grc' dir='ltr'><em>ἅπαντα</em></span> <span class='ocrx_word' id='word_1_225' title='bbox 490 4143 544 4208; x_wconf 83' lang='grc' dir='ltr'>τὸν</span> <span class='ocrx_word' id='word_1_226' title='bbox 574 4145 688 4228; x_wconf 82' lang='grc' dir='ltr'><em>χρόνον</em></span> <span class='ocrx_word' id='word_1_227' title='bbox 718 4144 900 4208; x_wconf 81' lang='grc' dir='ltr'><em>διετέλεσαν</em></span> <span class='ocrx_word' id='word_1_228' title='bbox 933 4146 1085 4242; x_wconf 83' lang='grc' dir='ltr'><em>κοινὴν</em></span> <span class='ocrx_word' id='word_1_229' title='bbox 1119 4146 1193 4228; x_wconf 82' lang='grc' dir='ltr'>τὴν</span> <span class='ocrx_word' id='word_1_230' title='bbox 1225 4115 1359 4206; x_wconf 84' lang='grc' dir='ltr'><em>πόλιν</em></span> <span class='ocrx_word' id='word_1_231' title='bbox 1379 4145 1574 4227; x_wconf 75' lang='grc' dir='ltr'>παρέχοντες</span> 
     </span>
     <span class='ocr_line' id='line_1_31' title="bbox 166 4248 1574 4353; baseline -0.001 -20"><span class='ocrx_word' id='word_1_232' title='bbox 166 4249 169 4252; x_wconf 27' lang='lat'>¹</span> <span class='ocrx_word' id='word_1_233' title='bbox 246 4248 423 4351; x_wconf 60' lang='lat' dir='ltr'>(conferas</span> <span class='ocrx_word' id='word_1_234' title='bbox 446 4267 803 4352; x_wconf 75' lang='lat' dir='ltr'>quoquelli&#39;ucyd.</span> <span class='ocrx_word' id='word_1_235' title='bbox 834 4269 855 4335; x_wconf 86' lang='lat' dir='ltr'>ll</span> <span class='ocrx_word' id='word_1_236' title='bbox 881 4270 932 4346; x_wconf 82' lang='lat'>39,</span> <span class='ocrx_word' id='word_1_237' title='bbox 966 4271 998 4334; x_wconf 88' lang='lat' dir='ltr'>l:</span> <span class='ocrx_word' id='word_1_238' title='bbox 1030 4270 1087 4352; x_wconf 86' lang='grc' dir='ltr'>τήν</span> <span class='ocrx_word' id='word_1_239' title='bbox 1111 4293 1146 4332; x_wconf 86' lang='grc' dir='ltr'><em>τε</em></span> <span class='ocrx_word' id='word_1_240' title='bbox 1175 4270 1236 4352; x_wconf 89' lang='grc' dir='ltr'>γὰρ</span> <span class='ocrx_word' id='word_1_241' title='bbox 1265 4267 1392 4333; x_wconf 85' lang='grc' dir='ltr'><em>πόλιν</em></span> <span class='ocrx_word' id='word_1_242' title='bbox 1421 4270 1574 4353; x_wconf 82' lang='grc' dir='ltr'><em>κοινὴν</em></span> 
     </span>
     <span class='ocr_line' id='line_1_32' title="bbox 245 4377 1576 4478; baseline 0.002 -22"><span class='ocrx_word' id='word_1_243' title='bbox 245 4396 512 4477; x_wconf 82' lang='grc' dir='ltr'><em>παρέχομεν,</em></span> <span class='ocrx_word' id='word_1_244' title='bbox 552 4393 606 4458; x_wconf 83' lang='grc' dir='ltr'>καὶ</span> <span class='ocrx_word' id='word_1_245' title='bbox 641 4396 700 4457; x_wconf 80' lang='grc' dir='ltr'>οὐκ</span> <span class='ocrx_word' id='word_1_246' title='bbox 737 4396 823 4458; x_wconf 83' lang='grc' dir='ltr'><em>ἔστιν</em></span> <span class='ocrx_word' id='word_1_247' title='bbox 861 4396 915 4458; x_wconf 83' lang='grc' dir='ltr'><em>ὅτε</em></span> <span class='ocrx_word' id='word_1_248' title='bbox 949 4393 1150 4477; x_wconf 81' lang='grc' dir='ltr'><em>ξενηλασίαις</em></span> <span class='ocrx_word' id='word_1_249' title='bbox 1187 4377 1381 4476; x_wconf 87' lang='grc' dir='ltr'><em>ἀπείργομέν</em></span> <span class='ocrx_word' id='word_1_250' title='bbox 1418 4393 1501 4478; x_wconf 88' lang='grc' dir='ltr'><em>τινα)</em></span> <span class='ocrx_word' id='word_1_251' title='bbox 1543 4399 1576 4460; x_wconf 82' lang='lat' dir='ltr'>et</span> 
     </span>
     <span class='ocr_line' id='line_1_33' title="bbox 246 4516 1575 4610; baseline -0.003 -26"><span class='ocrx_word' id='word_1_252' title='bbox 246 4517 365 4584; x_wconf 90' lang='lat' dir='ltr'>similia</span> <span class='ocrx_word' id='word_1_253' title='bbox 397 4518 543 4601; x_wconf 85' lang='lat' dir='ltr'>proterat</span> <span class='ocrx_word' id='word_1_254' title='bbox 572 4517 817 4585; x_wconf 85' lang='lat' dir='ltr'>Menander</span> <span class='ocrx_word' id='word_1_255' title='bbox 841 4517 874 4584; x_wconf 93' lang='lat' dir='ltr'>lll</span> <span class='ocrx_word' id='word_1_256' title='bbox 899 4521 973 4598; x_wconf 83' lang='grc'>385,</span> <span class='ocrx_word' id='word_1_257' title='bbox 1001 4518 1059 4583; x_wconf 86' lang='lat'>32:</span> <span class='ocrx_word' id='word_1_258' title='bbox 1087 4518 1200 4610; x_wconf 78' lang='grc' dir='ltr'>Ιπανόν</span> <span class='ocrx_word' id='word_1_259' title='bbox 1230 4519 1298 4581; x_wconf 77' lang='grc' dir='ltr'><em>ἐστι</em></span> <span class='ocrx_word' id='word_1_260' title='bbox 1329 4519 1490 4601; x_wconf 82' lang='grc' dir='ltr'><em>συνέδριον</em></span> <span class='ocrx_word' id='word_1_261' title='bbox 1520 4516 1575 4581; x_wconf 85' lang='grc' dir='ltr'>καὶ</span> 
     </span>
    </p>
   </div>
   <div class='ocr_carea' id='block_1_9' title="bbox 245 4631 1575 4736">
    <p class='ocr_par' dir='ltr' id='par_1_11' title="bbox 245 4631 1575 4736">
     <span class='ocr_line' id='line_1_34' title="bbox 245 4631 1575 4736; baseline 0.003 -28"><span class='ocrx_word' id='word_1_262' title='bbox 245 4643 472 4736; x_wconf 82' lang='grc' dir='ltr'><em>βουλευτήριον</em></span> <span class='ocrx_word' id='word_1_263' title='bbox 510 4653 567 4708; x_wconf 81' lang='grc' dir='ltr'>τοῦ</span> <span class='ocrx_word' id='word_1_264' title='bbox 602 4652 712 4708; x_wconf 80' lang='grc' dir='ltr'><em>κοινοῦ</em></span> <span class='ocrx_word' id='word_1_265' title='bbox 747 4646 859 4726; x_wconf 90' lang='grc' dir='ltr'><em>γένους</em></span> <span class='ocrx_word' id='word_1_266' title='bbox 895 4645 915 4726; x_wconf 82' lang='grc' dir='ltr'>ἡ</span> <span class='ocrx_word' id='word_1_267' title='bbox 947 4645 1087 4727; x_wconf 84' lang='grc' dir='ltr'><em>ἡμετέρα</em></span> <span class='ocrx_word' id='word_1_268' title='bbox 1124 4641 1226 4718; x_wconf 82' lang='grc' dir='ltr'><em>πόλις,</em></span> <span class='ocrx_word' id='word_1_269' title='bbox 1266 4631 1429 4733; x_wconf 80' lang='lat' dir='ltr'>originem</span> <span class='ocrx_word' id='word_1_270' title='bbox 1468 4641 1575 4712; x_wconf 75' lang='lat' dir='ltr'>decla·</span> 
     </span>
    </p>
   </div>
   <div class='ocr_carea' id='block_1_10' title="bbox 0 0 1850 5512">
    <p class='ocr_par' dir='ltr' id='par_1_12' title="bbox 0 0 1850 5512">
     <span class='ocr_line' id='line_1_35' title="bbox 0 0 1850 5512; baseline 0 0"><span class='ocrx_word' id='word_1_271' title='bbox 0 0 1850 5512; x_wconf 95' lang='lat' dir='ltr'> </span> 
     </span>
    </p>
   </div>
  </div>
 </body>
</html>
