3682 5520
422 497 501 582 Qua
526 517 567 568 ex
592 471 809 580 contentione
833 505 973 583 apparet
988 493 1178 583 Vergilium,
1205 493 1417 583 Dionysium,
1437 498 1649 578 Strabonem,

165 626 169 643 ‘
267 619 278 630 ”
316 601 455 692 Plinium
491 631 594 708 saepe
627 623 763 691 easdem
796 611 953 692 iere'res
987 641 1186 692 enumerare
1222 631 1253 690 et
1286 623 1402 691 iisdem
1438 623 1519 708 ipsis
1543 625 1651 692 verbis

289 733 431 816 'laudes
465 747 589 816 ltaliaew
608 749 808 847 exprimere;
844 749 989 816 maxime
1021 756 1132 816 autem
1167 738 1351 817 similitudo
1376 748 1585 834 Vergilianae
1619 757 1650 818 et

280 967 281 970 Ἴ
310 874 488 942 Plinianae'
507 873 742 959 descriptionis
766 874 916 942 notanda
939 881 1004 952 est;
1029 893 1116 959 quae
1140 881 1252 942 tamen
1278 891 1348 942 non
1370 875 1412 942 ita
1431 874 1650 959 intellegenda

314 998 548 1077 videturesse,
574 1005 608 1066 ut
629 997 753 1066 Plinius
770 997 893 1082 Vergili
918 999 1056 1083 vestigia
1080 1005 1277 1083 persecutus
1300 999 1349 1077 sit,
1373 998 1433 1066 sed
1459 1006 1494 1067 ut
1513 1006 1649 1084 uterque

314 1141 356 1190 ex
379 1122 502 1191 eodem
534 1122 627 1191 tonte
661 1124 831 1191 rhetorico
862 1119 1017 1202 hauserit,
1050 1142 1150 1207 quem
1176 1120 1367 1191 S'ervius
1401 1130 1650 1194 commentator

315 1248 499 1334 Significat,
523 1266 598 1314 cum
633 1248 710 1328 dicit
742 1248 783 1314 ad
816 1263 930 1334 georg
960 1247 982 1315 ll
1014 1250 1255 1334 136:„incipit
1289 1249 1374 1318 laus
1395 1249 1513 1328 ltaliae,
1547 1266 1648 1334 quam

316 1375 507 1459 exsequitur
530 1347 779 1440 secundum
806 1380 1057 1468 praecepta
1082 1370 1349 1484 rhetoricat‘

774 1607 806 1672 2·
842 1604 897 1674 De
921 1615 1058 1698 genere
1082 1605 1195 1676 urbis.

424 1748 489 1815 lam
515 1765 605 1827 vero,
630 1749 791 1832 quoniam
817 1749 942 1826 omnia,
966 1766 1053 1831 quae
1077 1748 1118 1815 ad
1143 1751 1270 1826 θέσεως
1295 1747 1505 1818 laudationes
1521 1750 1649 1821 Romae

317 1874 489 1957 pertinent,
512 1880 649 1940 tractata
673 1880 758 1958 sunt,
792 1872 834 1940 ad
857 1872 1043 1942 secundum
1078 1872 1190 1941 locum
1217 1875 1362 1942 encomii
1388 1854 1486 1954 urbis,
1520 1877 1574 1961 qui
1600 1882 1650 1943 est

317 1997 384 2064 ἀπὸ
413 2000 540 2083 γένους,
573 2005 794 2086 transeamus
841 1994 931 2082 Quid
966 2004 1077 2065 autem
1102 1998 1188 2090 boc
1220 1981 1300 2069 loco
1334 1999 1649 2084 comprehendatur,

290 2171 292 2175 ,
317 2123 502 2191 Menander
525 2123 624 2224 docel
654 2125 685 2191 in
711 2124 832 2208 capite:
867 2131 955 2202 ,πῶς
988 2125 1039 2188 δεῖ
1069 2124 1133 2188 ἀπὸ
1165 2126 1277 2207 γένους
1309 2125 1402 2190 πόλιν
1435 2127 1660 2210 ε’γκοιμίαζειν

318 2250 478 2333 inscripto
502 2248 552 2332 (ΙΙΙ
577 2251 650 2326 353,
675 2250 723 2334 5);
755 2249 914 2332 Δεύτερος
945 2247 973 2312 d'
1007 2250 1046 2313 dr
1078 2251 1129 2332 εἴη
1153 2251 1253 2326 τόπος
1276 2251 1295 2316 ὁ
1316 2259 1376 2316 τοῦ
1397 2252 1510 2336 γένους
1532 2250 1649 2316 καλού-

317 2399 421 2458 μενος,
446 2376 615 2458 διαιρεῖται
637 2375 742 2451 ὃὲεἰς
765 2374 921 2449 οἰκιστάς,
956 2375 1002 2450 εἰς
1023 2367 1100 2450 τοὺς
1123 2376 1327 2459 οἰκήσαντας,
1361 2377 1407 2450 εἰς
1439 2376 1494 2441 τὸν
1521 2377 1646 2460 χρόνον,

318 2501 444 2576 εἰςτὰς
466 2501 658 2584 μεταβολάς,
684 2493 810 2576 εἰςτὰς
835 2500 948 2574 αἰτίας,
980 2499 1036 2582 ἀφ’
1062 2501 1107 2565 ὧν
1131 2501 1165 2564 αἱ
1186 2501 1296 2575 πόλεις
1319 2502 1492 2565 οἰκοῦνται.
1524 2501 1648 2584 τούτων

318 2623 345 2689 b‘
371 2624 413 2688 ου
434 2627 571 2690 ἕκαστον
592 2626 742 2710 πολλαχῆ
764 2626 949 2708 διαιρετέον.
989 2622 1158 2692 Omnibus
1182 2624 1234 2692 bis
1259 2625 1408 2692 numeris
1432 2623 1540 2694 Roma
1564 2625 1647 2692 cele·

134 2876 164 2917 lle
182 2875 292 2920 conditore

185 2947 243 2990 urbis

319 2749 413 2816 brata
437 2755 495 2816 est.

425 2875 474 2942 llc
498 2876 641 2959 primum
667 2874 801 2960 quidem
828 2877 846 2940 ὁ
869 2876 915 2951 εἰς
938 2875 1012 2951 τοὺς
1035 2875 1182 2951 οἰκιστὰς
1205 2839 1305 2951 τόπος
1334 2875 1376 2942 ab
1401 2847 1565 2943 omnibus
1583 2875 1652 2942 iere
1720 2847 1723 2854 λ

320 3001 509 3085 rhetoribus
543 3001 574 3066 in
610 3001 740 3068 urbium
775 2988 929 3068 laudibus
963 2995 1165 3085 postulatum
1200 2999 1276 3067 dicit
1308 2987 1397 3066 enim
1432 3007 1551 3067 auctor
1581 2993 1653 3067 ex-

290 3145 298 3158 ²
319 3134 439 3210 cerpt.
459 3126 557 3208 rhet.
573 3144 603 3209 p.
619 3127 692 3202 587,
708 3127 751 3191 20
766 3124 839 3209 (tl):
861 3124 1018 3204 „Urbium
1036 3123 1167 3191 laudem
1185 3125 1329 3208 primum
1348 3117 1534 3194 conditoris
1550 3125 1653 3208 digni-

318 3258 370 3319 tas
394 3256 519 3330 ornat“,
551 3250 700 3318 similiter
733 3267 872 3335 quoque
894 3236 1143 3317 lllenander
1167 3242 1201 3316 ΙΙΙ
1227 3250 1300 3328 382,
1333 3251 1391 3346 24:
1426 3251 1496 3316 εἶτα
1517 3251 1653 3322 ιἔπαινον

319 3380 401 3462 ἐρεῖς
423 3378 477 3441 διὰ
499 3377 648 3461 βραχέων
670 3383 730 3440 τοῦ
752 3377 932 3452 κτίσαντος,
968 3374 1054 3442 idem
1081 3375 1115 3442 ΙΙΙ
1140 3375 1213 3453 383,
1238 3378 1273 3442 9:
1308 3375 1456 3460 δεύτερον
1490 3377 1524 3442 dd
1554 3377 1653 3460 κεφά-

318 3505 408 3568 λαιον
432 3503 513 3585 ε’ρεῖς
536 3501 618 3584 μετὰ
641 3509 737 3566 τοῦτο
762 3502 861 3566 αὐτοῦ
883 3509 942 3566 τοῦ
963 3501 1134 3576 κτίσαντος
1151 3501 1279 3564 ἔπαινον
1296 3499 1488 3584 σύμμετρον.
1520 3498 1654 3584 Quibus

316 3645 396 3693 cum
421 3626 618 3710 praeceptis·
633 3625 881 3694 concordantes
896 3627 1078 3709 scriptores
1102 3632 1134 3692 et
1152 3630 1275 3709 poetae
1291 3642 1457 3709 persaepe
1472 3623 1652 3694 Romulum

263 3757 266 3762 ’
320 3752 352 3817 in
378 3751 632 3818 enumeratione
656 3752 804 3817 virorum
831 3751 871 3818 de
896 3751 978 3818 urbe
1002 3751 1087 3818 bene
1113 3751 1308 3817 meritorum
1335 3748 1388 3834 (ci.
1413 3748 1510 3834 Verg.
1533 3750 1571 3816 Α.
1588 3748 1653 3816 Vlll

321 3878 386 3943 630
409 3893 496 3959 sqq.;
528 3873 608 3942 lior.
632 3893 658 3942 c.
683 3875 692 3941 l
721 3877 769 3954 12,
793 3876 850 3960 33)
881 3855 1153 3942 commemorant
1183 3874 1234 3940 vel
1263 3892 1338 3940 cum
1370 3873 1443 3942 aliis
1472 3889 1653 3960 regnorum

321 4000 615 4068 celeberrimorum
642 3975 836 4068 auctoribus
860 4006 1083 4084 componunt,
1108 3998 1140 4066 id
1159 3999 1251 4085 quod
1273 3998 1414 4084 legimus
1434 3997 1523 4083 apud
1541 3999 1654 4082 Juli-

320 4143 450 4193 allum
476 4141 524 4192 or.
545 4125 553 4191 Ι
583 4127 622 4192 10
646 4124 687 4192 Βῑ
712 4125 869 4210 φήμας..
890 4120 1046 4209 ,θρυλεῖν
1070 4115 1226 4190 εἰώθασιν
1250 4125 1391 4191 ἐπὶτῶν
1416 4109 1501 4190 οὕτω
1524 4125 1655 4209 λαμπρὰ

320 4252 376 4317 καὶ
397 4245 557 4335 περιφανῆ
579 4251 780 4334 πραξάντων,
804 4250 914 4334 Κύρου
938 4251 1075 4315 καὶτοῦ
1097 4257 1155 4333 τῆς
1178 4252 1336 4334 ἡμετέρας
1360 4251 1508 4314 οἰκιστοῦ
1527 4250 1655 4325 πόλεως

320 4378 376 4442 καὶ
400 4377 606 4461 Ἀλεξάνδρου
629 4383 688 4440 τοῦ
708 4377 881 4450 Φιλίππου,
912 4380 944 4440 et
967 4375 999 4440 in
1025 4374 1188 4442 lustini
1214 4376 1363 4460 epitoma
1389 4373 1529 4458 Pompei
1553 4373 1654 4459 Trogi

321 4500 391 4569 ΧΗ
415 4503 445 4580 5,
468 4505 504 4568 5;
536 4501 754 4580 „Arsaces...
781 4517 850 4567 non
876 4500 987 4567 minus
1011 4501 1241 4568 memorabilis
1265 4499 1395 4566 Parthis
1419 4497 1656 4584 quam'Persis

322 4627 438 4711 Cyrus
462 4625 707 4694 Macedonibus
730 4625 925 4704 Alexander,
952 4624 1168 4695 Romanis
1193 4623 1439 4694 Romulus.“
