3664 5512
318 310 379 375 120

420 520 484 610 Sed
510 513 609 588 etium
635 521 706 587 aliis
731 521 905 604 permultis
930 527 1106 613 poetarum
1132 521 1402 603 scriptorumque
1426 521 1510 586 locis
1531 519 1647 604 ampli·

314 645 396 712 tudo
422 646 549 729 imperii
576 644 717 717 Romani
744 664 819 712 cum
846 646 928 711 solis
953 662 1052 711 cursu
1078 649 1303 727 comparatur,
1328 652 1405 710 uta

282 787 472 872 'Vergil
496 789 532 854 Α.
556 787 609 856 Vll
634 790 692 854 98:

474 914 618 992 „externi
644 914 776 980 venient
799 913 922 994 generi,
946 914 1001 996 qui
1026 915 1190 998 sanguine
1216 921 1367 980 nostrum

473 1055 598 1104 nornen
625 1038 655 1102 in
682 1044 770 1104 astra
793 1037 900 1104 ierant
924 1023 1137 1120 quorumque
1161 1038 1203 1105 ab
1227 1039 1328 1121 stirpe
1353 1046 1495 1123 nepotes

472 1163 587 1230 omniu
612 1163 674 1230 sub
701 1153 848 1246 pedibus
873 1161 1059 1245 quaSol
1084 1168 1324 1246 utrumque
1350 1181 1595 1230 recurrens
1629 1247 1632 1252 .

470 1288 588 1370 aspicit
612 1285 803 1364 Oceanum
823 1266 970 1370 vertique
997 1283 1131 1372 regique
1155 1287 1341 1354 videbunt.“
1457 1293 1458 1298 ’

306 1427 435 1496 ovru.
459 1430 478 1496 ι.
494 1401 527 1496 ἰι
557 1432 631 1510 1363
656 1432 722 1525 ¹138
746 1430 793 1513 (n
819 1429 1038 1530 Augustum:
1374 1527 1377 1536 ¹

472 1553 568 1633 „lloc
592 1554 678 1620 duce
704 1554 893 1623 Romanum
920 1562 970 1621 est
993 1554 1113 1621 solis
1138 1561 1376 1638 utrumque
1402 1557 1537 1632 latus,

468 1679 708 1763 quodcumque
732 1686 782 1746 est
805 1681 874 1746 alto
899 1681 961 1746 sub
987 1679 1072 1757 love,
1097 1679 1223 1747 Caesar
1247 1680 1372 1746 lrabet.“

310 1822 484 1890 Petron.
509 1831 568 1890 sat.
597 1797 666 1900 ill),
694 1827 726 1890 t:
1306 1893 1308 1895 ,

469 1950 607 2027 „orbem
633 1928 698 2014 iam
722 1954 829 2015 totum
855 1949 960 2014 victor
985 1947 1159 2016 Romanus
1185 1949 1328 2015 trahebat

467 2047 532 2156 uua
558 2089 658 2150 mare,
683 2091 770 2156 quae
795 2079 910 2150 terrae,
935 2091 1018 2155 qua
1047 2072 1174 2139 sidus
1204 2074 1346 2138 currit
1374 2079 1638 2156 utrumque.“

252 2198 254 2202 ’
307 2195 539 2266 Claudian.
565 2167 594 2265 b?
618 2196 704 2265 Gild.
730 2197 738 2263 l
763 2201 806 2264 48
829 2197 899 2282 (ubi
926 2196 1034 2266 Roma
1058 2199 1131 2280 ipsa
1157 2198 1240 2264 lraec
1263 2199 1364 2264 verba
1387 2196 1494 2282 iacit):

578 2322 638 2401 „ad
663 2323 808 2390 solem
833 2323 945 2388 victrix
972 2329 1213 2405 utrumque
1237 2323 1395 2388 cucurri.“
1504 2361 1507 2366 -

413 2447 445 2513 ln
487 2449 629 2514 similem
674 2465 779 2530 porro
823 2448 935 2514 locum
980 2447 1156 2547 incidimus
1194 2447 1282 2530 apud
1321 2446 1464 2514 eundem
1503 2453 1640 2529 poetam

304 2571 480 2639 Stilictr.
505 2571 539 2638 ΙΙΙ
568 2575 644 2639 140;

468 2696 654 2781 „Dispersit
678 2716 754 2763 cum
780 2698 854 2764 sole
880 2703 1031 2772 manus“‚

256 2899 259 2904 ¹
304 2819 393 2904 apud
420 2819 638 2890 Rutilium
665 2820 757 2886 155:

466 2944 572 3041 „Nam
599 2947 681 3012 solis
707 2945 807 3012 radiis
831 2946 983 3028 aequalia
1009 2930 1148 3012 numera
1172 2945 1309 3012 tendis.“

395 3135 435 3188 17.
461 3124 484 3207 ἦ
507 3125 569 3208 γὰρ
590 3126 627 3189 ἐκ
645 3126 775 3189 πάντων
799 3125 847 3188 οὑ
870 3125 980 3206 μόνα
1004 3125 1196 3207 κρατίστους

463 3213 580 3298 ἄνδρας
604 3215 765 3297 αἰχμητὰς
787 3214 950 3296 μεγάλους
973 3213 1131 3296 λοχεόεις..

303 3307 452 3376 (Similiter
472 3312 753 3380 Constantinopolim
782 3311 891 3364 artatur
914 3312 1057 3366 Himerius
1086 3326 1125 3365 or.
1153 3311 1221 3365 XVl
1242 3314 1272 3366 5:
1299 3302 1330 3365 Σ
1337 3303 1356 3366 ὑ
1385 3303 1441 3367 καὶ
1470 3302 1644 3386 Ῥωμύλου
1819 3375 1820 3386 2

300 3392 393 3456 πόλιν
424 3392 533 3475 μόνη
566 3392 732 3476 παρῆλθες
755 3398 803 3474 τῷ
827 3391 969 3474 θαύματι
1086 3391 1165 3456 Σοὶ
1188 3392 1393 3474 πανταχόθεν
1421 3392 1556 3468 ὁλκάδες

301 3480 486 3563 ἀνάγονται)
512 3489 610 3559 Neque
636 3492 729 3544 minus
754 3491 893 3543 rhetorice
914 3491 1124 3542 Aristides
1145 3490 1172 3542 in
1195 3491 1302 3548 Romae
1322 3490 1451 3543 encomio
1471 3485 1532 3557 (36)
1556 3490 1642 3545 dicit:

299 3570 429 3651 μόνοι
465 3571 527 3653 γὰρ
564 3571 698 3635 πώποτε
734 3571 915 3653 ἐλευθέρων
947 3572 1080 3653 dippum
1117 3581 1168 3648 85:
1196 3570 1356 3652 μόνους
1389 3570 1424 3634 δὲ
1457 3570 1644 3654 ἀνθρώπων
1816 3405 1820 3690 d

300 3660 454 3742 εὔχεσθαι
485 3661 586 3742 εὑρεῖν
615 3660 799 3742 πολεμίους,
833 3671 878 3723 58.
909 3658 1011 3722 Τοῦτο
1040 3661 1149 3741 μέντοι
1180 3668 1228 3732 (sc.
1253 3660 1290 3723 τό
1313 3659 1372 3734 τὰς
1398 3659 1508 3734 πόλεις
1531 3661 1644 3740 φιλαν-

299 3747 445 3830 θρώπως
464 3751 567 3831 ἄγειν)
590 3750 628 3813 τό
645 3749 718 3824 τούς
736 3748 881 3831 πρόσθεν
899 3751 1053 3823 ἅπαντας,
1080 3749 1125 3822 ὡς
1143 3749 1253 3822 εἰπεῖν,
1275 3747 1467 3831 ἀνθρώπους
1485 3748 1644 3831 διαφυγόν

300 3838 390 3920 ὑμῖν
409 3837 554 3921 ἐτηρήθη
574 3839 717 3921 μόνοις
736 3838 838 3920 εὑρεῖν
857 3861 891 3901 τε
911 3838 966 3901 καὶ
984 3837 1221 3912 τελεώσασθοιι,
1242 3847 1292 3903 51;
1311 3841 1402 3902 οὑπω
1419 3838 1481 3920 πρό
1499 3839 1588 3921 ὑμῶν
1601 3838 1644 3921 ἦν

244 3953 247 3958 ·
299 3926 342 3990 τό
375 3929 484 4010 ἄρχειν
517 3928 632 3992 εἰδέναι
756 3925 837 3990 ἀλλὰ
870 3925 926 3990 καὶ
957 3934 1054 3990 τοῦτο
1087 3926 1304 4009 ὑμέτερόν
1337 3929 1423 3991 ἐστιν
1456 3929 1641 4010 εὑρημα,

299 4025 344 4080 id.
365 4025 408 4079 91.
434 4015 561 4099 μόνοι
585 4017 646 4100 γὰρ
672 4018 746 4081 ἐστε
769 4016 894 4098 ὑμεῖς
918 4017 1070 4099 άρχοντες
1094 4016 1139 4091 ὡς
1163 4017 1261 4080 εἰπεῖν
1285 4015 1368 4079 κατὰ
1391 4016 1495 4097 φύσιν,
1520 4025 1565 4080 93.
1584 4016 1644 4080 καὶ

300 4105 341 4188 δὴ
368 4103 424 4169 καὶ
447 4104 525 4188 φαίη
549 4128 599 4180 τις
625 4107 664 4168 ἂν
688 4103 829 4179 ἐκείνους
859 4106 919 4187 μὲν
952 4105 1019 4169 οἷον
1052 4103 1185 4188 ἐρημίας
1217 4102 1272 4167 καὶ
1304 4104 1464 4190 φρουρίων
1496 4104 1644 4187 βασιλεῖς

298 4196 479 4279 γεγονέναι,
518 4197 628 4277 ὑμᾶς
665 4195 701 4258 δὲ
737 4195 866 4258 πόλεων
902 4197 1060 4277 ἄρχοντας
1096 4194 1277 4275 μόνους,
1311 4204 1355 4257 31.
1383 4203 1644 4278 ...πρῶτοι

298 4283 510 4358 θεικνόουσιν,
561 4286 650 4357 ὅπως
698 4282 835 4367 ἄρχεθαι
876 4283 1046 4367 προσήκει.
1117 4293 1160 4346 Ad
1202 4295 1324 4346 eundem
1370 4295 1462 4346 locum
1504 4294 1642 4350 redeunt:

300 4365 514 4446 cra‘uuran.
557 4383 667 4437 strum.
694 4383 824 4438 111150:

461 4473 567 4538 „llaec
579 4474 623 4526 est
642 4472 670 4523 in
690 4472 830 4541 gremium
850 4457 942 4524 victos
965 4485 1036 4539 quae
1057 4472 1146 4526 sola
1169 4469 1304 4539 recepit.“

298 4561 520 4626 Cassiodor
549 4575 609 4616 var.
643 4561 682 4614 lX
711 4562 755 4628 21,
784 4562 814 4615 4:
845 4575 945 4626 „arma
968 4561 1044 4613 enim
1068 4562 1097 4613 et
1122 4561 1248 4627 reliquae
1274 4563 1372 4629 gentes
1396 4562 1519 4622 trahent:
1551 4563 1643 4624 sola

296 4651 435 4729 reperitur
458 4650 631 4718 eloquentia,
657 4664 729 4724 quae
756 4651 950 4708 Romanorum
975 4650 1098 4704 dominis
1122 4647 1335 4707 obsecundat.“
