3664 5512
508 574 540 654 a)
571 569 631 636 De
660 569 976 654 magnitudine
1005 570 1198 652 imperii.

232 782 236 788 .
296 697 401 780 Atque
425 697 569 779 primum
595 694 729 778 quidem
755 695 795 761 de
820 696 984 762 encomiis
1018 693 1321 778 magnitudinis
1354 695 1518 774 imperii

190 820 375 891 Romani
401 819 618 903 disputemus.
654 818 759 902 Quod
784 838 803 885 a
828 821 938 903 poetis
958 789 994 886 ¹et
1016 820 1236 902 scriptoribus
1262 837 1518 903 nonnumquam

113 957 116 964 ·
190 947 233 1012 ita
267 944 458 1021 celebratur,
504 954 538 1010 ut
573 944 764 1011 conteratur
802 963 878 1028 curn
914 945 1079 1011 similibus
1114 945 1260 1029 imperiis
1295 945 1520 1028 Assyriorum,

190 1069 377 1148 Medorum,
409 1068 635 1136 Macedonum
661 1067 711 1135 vel
736 1070 919 1136 civilatibus
942 1057 1203 1146 Atheniensium,
1223 1059 1521 1136 lacedaemonio·
1611 1097 1614 1102 ·

191 1213 273 1271 rurn,
305 1192 555 1260 Thebanorum.
614 1193 708 1260 lianc
741 1195 971 1277 componendi
1006 1196 1169 1261 rationem
1214 1195 1341 1276 primus
1373 1193 1523 1260 adhibuit

191 1318 412 1424 Polybius
436 1317 490 1396 12,
510 1323 540 1384 l:
567 1319 620 1393 Ὠς
635 1317 664 1382 δ’
681 1321 750 1383 ἔστι
764 1321 946 1404 παράδοξον
970 1319 1026 1383 καί
1038 1295 1124 1403 μέγα
1137 1319 1173 1384 τδ
1188 1318 1261 1402 περὶ
1285 1321 1341 1403 τήν
1364 1319 1522 1402 ἡμετέραν

190 1444 345 1508 ὑπόδεσιν
374 1443 532 1528 δεώρημα
560 1443 678 1528 γένοιτ’
702 1446 741 1507 ἂν
764 1446 867 1519 οὕτως
889 1444 1019 1527 μάλιστ’
1045 1445 1246 1532 ε’μφανέςμεί
1270 1444 1326 1520 τάς
1345 1442 1521 1534 ἐλλογιμω-

190 1569 289 1644 τάτος
322 1577 385 1632 τῶν
416 1570 701 1653 προγεγενημένων
733 1571 998 1634 δυναστειῶν
1032 1569 1272 1653 παραβάλοιμεν
1304 1568 1359 1639 καί
1392 1568 1522 1653 συγκρί-

189 1715 299 1776 ναιμεν
321 1693 401 1777 πρὸς
424 1695 482 1777 τήν
505 1693 677 1775 Ῥωμαίων
700 1695 869 1778 ὑπεροχήν.
896 1680 1017 1778 (2)εἰσί
1040 1693 1068 1780 δ’
1094 1695 1129 1758 αἱ
1147 1701 1204 1776 τῆς
1227 1693 1413 1777 παραβολῆς
1436 1696 1522 1766 ἄξιαι

1560 685 1692 736 comparum

1547 771 1596 803 cum
1610 759 1701 810 pristinis

1592 839 1662 884 renuis

190 1815 246 1882 καί
269 1817 470 1902 συγκρίσεως
493 1818 596 1883 αὗται.
641 1820 815 1903 Πέρραι
848 1821 932 1884 κατά
965 1844 1051 1895 τινας
1083 1820 1214 1902 καιροὺς
1245 1820 1389 1902 μεγάλην
1421 1809 1551 1902 ἀρχὴν

191 1943 515 2025 κατεκτήσαντο
549 1942 620 2006 ἀλλ’
654 1943 767 2018 ὁσάκις
799 1945 981 2026 ἐτόλμησαν
1013 1945 1187 2027 ὑπερβῆναι
1220 1944 1294 2020 τοὺς
1326 1950 1384 2025 τῆς
1415 1941 1523 2018 Ἄσίας

192 2069 285 2152 ὅρους
306 2117 312 2130 .
328 2118 333 2130 .
348 2117 356 2130 .
380 2066 453 2152 περὶ
477 2076 567 2150 σφῶν
591 2069 822 2134 ἐκινδύνευσαν.
848 2069 934 2153 (3)Α
947 2044 998 2132 ακ
1010 2094 1025 2132 ε
1035 2069 1053 2131 δ
1065 2093 1105 2132 αι
1114 2094 1138 2152 μ
1150 2068 1168 2131 ό
1178 2093 1194 2130 ν
1204 2095 1214 2133 ι
1226 2093 1263 2134 οι
1277 2118 1283 2130 .
1298 2118 1304 2130 .
1319 2069 1441 2151 ,μόλις
1464 2070 1523 2150 ἔτη.

191 2189 334 2256 δώδεκα
351 2202 502 2276 κατεῖχον
534 2173 632 2276 αὐτην
665 2194 724 2276 (SC.
758 2184 815 2278 τήν
848 2202 912 2258 τῶν
945 2193 1105 2276 Ἑλλήνων
1133 2192 1326 2277 ἡγεμονίαν)
1361 2192 1521 2277 ἀδήριτον.

192 2316 242 2400 (l)
271 2317 592 2393 Μακεδόνες...
626 2317 788 2382 πλείστων
820 2318 970 2392 δόξαντες
1002 2317 1058 2382 καὶ
1092 2319 1215 2406 τόπων,
1237 2317 1292 2382 καὶ
1323 2320 1523 2402 πραγμάτων

190 2443 343 2523 γενέσθαι
367 2443 481 2526 κύριοι,
512 2443 549 2506 τό
573 2442 656 2508 πολὺ
685 2445 782 2527 μέρος
813 2443 919 2528 ἀκμήν
949 2443 1104 2511 ἀπέλιπον
1134 2451 1192 2525 τῆς
1216 2445 1406 2527 οἰκουμένης
1429 2443 1523 2506 ἀλλό-

192 2589 339 2651 τριον...
375 2568 422 2650 (l)
449 2567 640 2650 Ῥωμαῖοί
659 2592 697 2651 γε
720 2571 783 2652 μὴν
807 2570 844 2632 οὐ
868 2570 938 2632 τινὰ
961 2570 1054 2653 μέρη,
1081 2569 1196 2652 σχεδὸν
1220 2569 1254 2632 δέ
1268 2577 1376 2633 πᾶσαν
1390 2591 1523 2652 πεποιη-

190 2693 280 2776 μέναι
304 2695 361 2776 τήν
376 2693 566 2776 οἰκουμένην
579 2695 723 2776 ὑπήκοον
746 2695 864 2785 αὐτοῖς.

299 2832 398 2915 Quae
418 2833 545 2918 Polybii
570 2836 712 2919 simplex
737 2837 909 2902 contentio
934 2837 1150 2918 pristinorum
1177 2843 1209 2902 et
1228 2834 1370 2904 Romani
1395 2835 1523 2918 imperii
1556 2847 1559 2852 ·

193 2959 224 3024 in
269 2977 366 3025 usum
410 2959 549 3025 scholae
587 2960 847 3027 declamatoriae
879 2961 1038 3027 translata
1074 2978 1094 3026 a
1131 2949 1362 3036 laudatoribus
1395 2957 1524 3028 Romae

192 3069 393 3168 amplificata
417 3090 515 3166 atque
540 3090 660 3150 ornata
684 3092 743 3151 est,
790 3084 834 3150 lla
860 3083 1117 3167 Dionysius
1143 3083 1245 3150 ilalic.
1278 3084 1422 3151 eundem
1447 3109 1524 3170 συγ-

191 3207 330 3292 κρίσεως
352 3209 466 3276 locum
492 3209 710 3313 contentione
741 3208 839 3274 etiam
865 3209 1090 3292 Assyriorum,
1124 3208 1312 3286 Medorum,
1345 3210 1523 3276 Athenien·

192 3334 288 3412 sium,
312 3331 551 3401 Thebanorum
577 3340 710 3398 auctum
737 3334 890 3416 exprimit
924 3333 975 3399 lris
999 3334 1108 3400 verbis
1137 3335 1219 3419 (ant.
1244 3334 1253 3401 l
1279 3337 1307 3412 2,
1332 3335 1381 3419 2):
1414 3337 1434 3418 ἡ
1466 3337 1525 3418 μὲν

191 3460 254 3543 γὰρ
280 3457 515 3542 Ἀσσυρίων
540 3455 684 3543 ἀρχὴ...
719 3455 830 3540 ὀλίγου
863 3458 948 3533 τινός
980 3458 1140 3543 ἐκράτησε
1173 3456 1237 3542 τῆς
1258 3459 1365 3536 Ἄσίας
1396 3461 1523 3546 μέρους.

191 3583 212 3667 ἡ
245 3584 281 3648 δὲ
311 3585 569 3667 Μηδικὴ...
603 3583 718 3667 χρόνον
751 3583 788 3646 οὐ
820 3583 920 3646 πολὺν
952 3585 1129 3666 κατέσχεν.
1153 3632 1189 3645 ..
1221 3584 1394 3667 Πέρσαι
1426 3585 1462 3649 δὲ
1495 3587 1527 3650 οἱ

189 3707 324 3790 Μήδους
346 3709 645 3792 καταγωνισάμενοι
668 3714 726 3789 τῆς
747 3709 806 3790 μέν
830 3706 944 3782 Ἀσίας
967 3707 1078 3792 ὀλίγου
1101 3709 1166 3772 δεῖν
1189 3707 1296 3790 πάσης
1316 3708 1526 3784 τελευτῶντες
1595 3703 1599 3708 ’

193 3833 436 3917 ἐκράτησαν...
462 3834 481 3916 ἡ
506 3833 541 3896 δὲ
563 3833 851 3915 Μακεδονικὴ
876 3830 1178 3897 δυναστεία...
1203 3834 1337 3917 μεγέθει
1352 3835 1410 3916 μὲν
1425 3833 1526 3917 ἀρχῆς

141 3987 144 3992 ·
192 3956 319 4032 ἁπάσας
335 3957 550 4042 ὑπερεβάλετο
566 3958 622 4032 τὰς
637 3957 700 4041 πρό
720 3958 872 4039 αὐτῆς...
898 3957 945 4041 (3)
959 4007 969 4034 ,
981 4006 1005 4019 ..
1027 3958 1084 4032 τὰς
1097 3945 1283 4040 Ἑλληνικάς
1301 3958 1448 4041 δυνάμεις
1467 3959 1526 4021 οὐκ

193 4083 282 4154 ἀξιον
315 4083 426 4157 αὐτοῖς
459 4081 756 4166 ἀντιπαρεξετάζειν
789 4085 862 4146 οὔτε
895 4081 1037 4165 μέγεθος
1073 4080 1174 4165 ἀρχῆς
1207 4085 1281 4147 οὔτε
1313 4082 1427 4167 χρόνον
1459 4085 1525 4147 ε’πι-

193 4205 324 4288 ῳανείας
347 4214 502 4270 τοσοῦτον
527 4209 603 4270 ὅσον
627 4209 745 4271 ἐκεῖναι
769 4206 942 4286 λαβούσας.
990 4206 1216 4289 Ἀθηναῖοι
1229 4257 1235 4270 .
1250 4257 1256 4269 .
1271 4257 1278 4269 .
1304 4207 1333 4270 ll
1347 4232 1397 4271 ακ
1408 4208 1451 4272 εδ
1462 4232 1503 4271 αι
1515 4243 1527 4253 ·

191 4331 246 4414 μό
255 4355 271 4393 ν
281 4356 292 4394 ι
303 4355 320 4394 ο
331 4356 341 4394 ι
354 4379 360 4392 .
375 4380 381 4392 .
396 4380 402 4392 .
431 4317 667 4413 (Θηβαῖοι)
690 4332 764 4395 οὐδὲ
779 4331 839 4395 όλα
853 4331 1025 4414 τριάκοντα
1040 4333 1097 4414 ἔτη
1113 4333 1170 4416 τὴν
1185 4331 1285 4415 ἀρχὴν
1297 4332 1525 4415 κατασχόντες.

191 4455 673 4554 ήδέῖΡωμαίωνπόλις
697 4456 826 4538 ἀπάσης
849 4457 908 4539 μέν
931 4458 1023 4540 άρχει
1047 4457 1199 4540 yria-J)

231 4617 236 4626 '
301 4621 323 4688 1)
356 4626 432 4678 ldem
451 4626 572 4692 scriptor
591 4626 652 4678 aliis
674 4639 787 4693 quoque
809 4627 1022 4695 antiquitatum
1046 4601 1111 4679 locis
1134 4626 1277 4683 Romanos
1307 4640 1371 4679 curn
1401 4626 1527 4693 pristinis

193 4713 319 4780 imperiis
338 4716 496 4782 comparat,
516 4717 603 4782 atque
628 4728 692 4769 cum
713 4715 847 4783 gentibus
872 4716 1045 4770 Graecorum
1064 4716 1108 4783 (ll
1132 4717 1173 4782 17,
1196 4713 1235 4777 ll:
1257 4706 1304 4769 Τὰ
1318 4706 1353 4770 δέ
1369 4705 1529 4789 Ἑλλήνων
1600 4762 1602 4767 .

1374 4805 1408 4858 71
