3682 5520
1474 318 1511 381 ό]

284 558 400 645 Neque
425 562 538 628 solum
564 560 767 644 templorum
792 560 905 643 fulgor
934 579 953 626 a
979 560 1122 627 claritate
1147 562 1238 638 solis
1256 562 1307 627 vel
1331 561 1403 640 diei,
1437 581 1517 646 qua-

177 703 253 751 cum
278 693 387 764 certet,
420 686 575 753 laudatus
608 693 667 764 est,
699 685 759 752 sed
794 686 892 752 etiam
928 684 1055 752 lumina
1090 687 1199 754 noctis
1223 688 1265 754 ab
1290 687 1411 756 eodem
1437 688 1516 755 loco

178 809 347 878 rhetorico
380 811 484 878 semel
512 811 710 895 praedicata
744 817 836 891 sunt3
871 811 1003 894 scripsit
1036 812 1125 877 enim
1157 812 1391 879 Ammianus
1416 813 1516 879 illar-

176 935 260 1002 cell.
284 934 357 1002 XlV
385 939 410 1013 l,
434 939 471 1002 9:
505 944 555 1015 „et
580 938 662 1004 haec
686 936 894 1003 confidenter
917 936 1037 1021 agebat
1061 939 1092 1002 in
1119 907 1208 1014 urbe,
1238 938 1292 1003 ubi
1317 945 1516 1021 pernoctan-

175 1061 257 1127 tium
288 1060 450 1128 luminum
485 1062 648 1129 claritudo
682 1061 855 1128 dierum
892 1061 1017 1128 solet
1050 1061 1223 1128 imitari
1257 1062 1542 1146 iulg·orem.“·

283 1186 475 1270 Conspectu
512 1188 602 1253 urbis
634 1193 702 1254 tam
738 1186 897 1269 pulchrae
931 1194 963 1252 et
996 1186 1191 1278 splendidae
1222 1185 1514 1272 Fulgentius,

176 1330 252 1378 cum
278 1329 318 1377 ex
342 1312 451 1378 Africa
485 1303 605 1378 inculta
640 1313 782 1396 primum
810 1281 952 1381 Romam
987 1313 1140 1390 venisset,
1175 1311 1390 1379 vehementer
1422 1330 1515 1380 com·
1565 1297 1567 1302 ’

177 1444 290 1503 motus
314 1437 397 1503 haec
422 1438 521 1503 verba
545 1437 789 1520 exclamavit1):
821 1435 953 1519 „Quam
979 1438 1136 1520 speciosa
1162 1443 1273 1520 potest
1298 1454 1373 1505 esse
1400 1437 1515 1504 llieru-
1587 1512 1590 1518 ,

176 1561 279 1628 salem
305 1562 470 1639 coelestis,
504 1563 530 1629 si
556 1564 621 1628 sic
644 1561 796 1647 fulget
821 1560 955 1631 Roma
989 1563 1185 1628 terrestris!“
1231 1561 1310 1646 Qua
1337 1562 1377 1628 de
1403 1563 1515 1633 lauda-

176 1688 266 1754 tione
291 1688 550 1772 simplicialiter
574 1687 787 1754 iudicandum
813 1693 863 1755 est
887 1705 988 1770 quam
1024 1687 1064 1752 de
1088 1682 1394 1754 eis'admirationis
1424 1688 1515 1754 locu-

176 1813 332 1886 tionibus.
367 1813 488 1896 quibus
523 1812 682 1897 adspectu
717 1821 783 1878 tam
819 1812 1036 1896 pulchrorum
1068 1812 1117 1879 vel
1143 1826 1345 1895 magnorum
1371 1807 1513 1896 operum

176 1938 327 2005 animum
354 1939 496 2004 attonari
522 1938 572 2006 vel
598 1937 721 2006 oculos
744 1936 941 2022 praestringi
965 1937 1167 2020 exprimitur.
1202 1936 1287 2005 Cum
1312 1938 1399 2003 enim
1417 1938 1515 2004 huius

176 2062 275 2128 verba
300 2080 411 2129 veram
438 2065 539 2130 animi
565 2062 778 2130 allectionem
804 2062 977 2129 videantur
1000 2079 1128 2144 sapere,
1153 2061 1228 2128 illae
1246 2063 1514 2145 perturbationes

176 2188 277 2254 animi
314 2188 511 2272 plerumque
543 2187 718 2255 simulatae
751 2195 829 2254 sunt
861 2194 900 2254 et·
926 2186 1037 2255 solum
1076 2187 1216 2253 scholae
1250 2187 1514 2255 declamatoriae
1631 2251 1632 2256 ,

54 2323 57 2328 ’
175 2313 345 2380 debentur.
398 2313 564 2381 Describit
608 2314 697 2380 enim
746 2311 993 2393 Menander
1041 2300 1206 2395 Apollinis
1251 2313 1414 2396 templum
1462 2313 1514 2378 bis

175 2440 284 2505 verbis
308 2438 342 2505 ΙΙΙ
366 2420 440 2516 445,
464 2441 500 2504 ό;
536 2441 583 2502 ἔτι
606 2441 710 2503 τοίνυν
733 2440 791 2523 τὴν
814 2445 873 2502 τοῦ
895 2439 957 2502 νεὼ
991 2439 1300 2520 στιλπνότητα
1332 2438 1406 2502 καὶ
1436 2440 1514 2523 τὴν

175 2565 312 2648 αὐγὴν
348 2565 529 2661 τίς-ὀὐκ
566 2566 614 2627 ἂν
651 2565 917 2647 ἐκπλαγείη·
965 2560 1069 2645 Quod
1110 2563 1281 2630 rhetorum
1322 2563 1512 2646 exemplum

176 2707 281 2773 opera
307 2690 451 2756 maxima
477 2688 768 2772 pulcherrimaque
793 2686 981 2754 celebrandi
1007 2694 1192 2771 sequuntur
1218 2687 1514 2767 Plutarchus,

175 2816 231 2898 qui
256 2815 398 2897 scriptor
423 2813 539 2880 eadem
575 2814 644 2881 iere
677 2812 910 2880 admirationis
943 2813 1046 2878 verba
1071 2812 1198 2896 prolert
1230 2814 1287 2898 (de
1310 2813 1386 2882 iort.
1413 2812 1513 2882 Rom.

175 2937 384 3024 amman
407 2940 485 3023 γὰρ
511 2941 587 3004 οὐκ
611 2942 658 3002 αν
684 2940 728 3015 ὡς
751 2940 885 3021 arnam
909 2939 1220 3020 ἐκπλαγείη...
1245 2910 1512 3022 ωορννψαςαω

174 3066 387 3148 λαμπρότητα
428 3065 483 3128 καὶ
523 3065 662 3127 πλοῦτον
695 3063 914 3146 ἀναθημάτων
957 3063 1012 3127 καί
1051 3071 1172 3146 τεχνῶν
1204 3064 1340 3147 ἁμίλλας
1362 3072 1510 3138 ...,..“,
1559 3072 1561 3078 ’
1598 3137 1603 3145 ,

177 3186 500 3258 RutiliuleS:

283 3313 327 3390 „C
339 3312 697 3396 o'ntunduntque
722 3326 829 3397 vagos
852 3313 992 3380 delubra
1017 3313 1173 3392 micantia
1197 3314 1360 3390 visus‚“

175 3436 410 3504 Claudian.
432 3436 473 3503 Vl
500 3436 587 3504 lion.
612 3455 682 3504 cos.
707 3441 763 3506 51:

422 3534 557 3640 '„Acies
581 3568 739 3645 stupet
762 3563 838 3646 igne
862 3561 985 3628 metalli
1078 3579 1082 3585 ·

283 3695 313 3754 et
337 3687 542 3754 circumfuso
565 3687 736 3770 trepidans
760 3687 956 3754 obtunditur
971 3694 1098 3754 ¹auro“.

176 3829 293 3913 Neque
318 3831 403 3897 hanc
435 3829 615 3906 formulam
641 3829 842 3909 rhetoricam
875 3830 1066 3913 neglegunt:
1102 3829 1364 3897 Ammianus
1397 3829 1510 3896 Mar-

176 3955 271 4021 cell.
287 3955 359 4021 XVl
378 3959 426 4032 lO,
440 3957 479 4021 13
543 3973 656 4020 ..cum
682 3956 827 4022 venisset
851 3929 1026 4032 ad'rostra,
1051 3955 1359 4038 perspectissimum
1381 3955 1510 4037 priscae

176 4081 345 4161 potentiae
368 4080 490 4158 lorum,
524 4049 770 4163 obstupuit
790 4097 920 4163 perque
955 4095 1058 4145 omne
1092 4078 1178 4146 latus
1211 4096 1281 4162 quo
1314 4097 1350 4145 se
1385 4078 1509 4144 oculi

176 4205 403 4281 contulissent,
438 4205 676 4272 miraculorum
702 4203 864 4271 densitate
890 4176 1223 4286 praestrictus⁴‘
1256 4211 1288 4269 et
1322 4203 1510 4269 Cassio·
1544 4295 1551 4306 ι

176 4396 236 4448 orb.
258 4397 348 4462 spect.
369 4407 493 4462 prooem.
524 4395 601 4461 (p.4
627 4391 739 4456 Orellil:
769 4381 812 4446 Td
846 4383 907 4466 γὰρ
941 4383 1040 4447 καλὸν
1072 4383 1153 4465 ἡλίῳ
1187 4383 1421 4466 παραπλησίως
1450 4383 1509 4447 οὐκ

176 4477 213 4558 ἐᾷ
235 4475 277 4538 τὰ
299 4473 396 4538 λοιπὰ
419 4474 569 4557 θεωρεῖν,
593 4476 670 4537 ὅταν
694 4473 790 4545 αὐτὸς
812 4473 990 4557 διαλάμψῃ.

173 4565 175 4574 ’
283 4569 308 4635 1)
332 4573 359 4626 S.
385 4573 527 4641 Fulgentii
551 4574 675 4641 episcopi
701 4574 762 4625 vita
787 4584 849 4639 cap.
872 4572 958 4625 Xlll.
1014 4570 1176 4639 Patrologia
1202 4571 1266 4624 Lat.
1291 4571 1336 4632 ed
1361 4569 1456 4639 hligne
1476 4569 1512 4624 65

175 4658 282 4732 (reor),
307 4675 335 4729 p.
358 4661 404 4715 131
426 4662 460 4715 Α.
1189 4682 1191 4688 -
1315 4689 1321 4702 ·
