3664 5512
1434 321 1499 431 ‘tlt

282 525 382 622 Tum,
402 527 679 598 necessitudinem
722 528 890 612 quandam
930 536 1074 596 statuere
1107 545 1293 613 possumus
1326 532 1408 598 inter
1441 533 1506 602 hos

176 653 373 738 scriptores:
407 652 620 738 Panegyr.
652 651 735 719 Lat.
759 652 780 718 ll
802 655 852 730 22,
877 655 910 720 2:
947 651 1044 732 „Non
1079 671 1212 721 oceano
1247 654 1400 734 lodus,
1435 674 1504 725 non

175 777 299 861 frigore
324 771 634 862 Bosforanum
669 795 737 845 non
764 779 906 846 llrahs
939 779 1051 862 medio
1075 779 1150 845 sole
1173 798 1313 848 securus
1337 788 1401 848 est:
1435 759 1505 866 quo
1610 760 1613 767 ⁵

177 905 228 969 vix
262 912 456 987 pervenerat
490 921 615 970 nomen
650 910 725 969 ante
751 901 951 980 Romanum,
984 904 1111 971 accedit
1141 905 1348 989 imperium,
1386 904 1505 975 Ruti-

177 1027 282 1106 llum
308 1028 318 1094 Ι
342 1031 400 1095 59ῑ
1195 1113 1198 1118 .

339 1151 404 1239 „Te
430 1169 498 1219 non
523 1153 740 1236 flammigeris
766 1153 900 1253 Libye
924 1153 1062 1220 tardavit
1085 1156 1204 1232 arenis

459 1324 463 1332 -
498 1296 567 1347 non
593 1287 721 1347 armata
740 1296 806 1346 suo
831 1279 974 1364 reppulit
999 1277 1109 1347 Ursa
1134 1280 1279 1366 gelu“¹),

176 1400 413 1470 Sidonium
439 1404 789 1487 Apollasttz:
1357 1393 1379 1404 ”

465 1529 469 1536 “
498 1546 596 1608 „nam
622 1529 778 1614 quicquid
802 1528 979 1613 languidus
1003 1531 1075 1596 axis

188 1699 192 1706 ·
284 1652 417 1722 cardine
442 1652 599 1720 Sithonio
632 1655 695 1720 sub
721 1653 884 1721 Parrhase
909 1655 1047 1737 parturit
1072 1672 1193 1736 ursa,

268 1778 350 1844 ¹hoc
374 1785 481 1870 totum
507 1786 565 1845 tua
579 1779 675 1863 signa
691 1786 804 1863 pavetf‘
822 1841 826 1854 ,
914 1755 916 1760 ’

177 1903 219 1986 (ν.
234 1905 298 1970 474
307 1905 388 1970 -78
406 1911 646 1971 enumerantur
665 1902 763 1970 Xlllll
784 1887 912 1990 gentes(
926 1921 1013 1988 quae
1036 1902 1268 1973 Romanorum
1289 1907 1321 1972 in
1342 1911 1507 1989 potestate

115 2096 119 2103 ,
178 2028 280 2112 sunt).
359 2091 361 2095 ,
1078 2015 1080 2024 ’

648 2157 713 2222 478
739 2155 815 2233 „tibi
841 2155 956 2221 militat
979 2155 1093 2222 omnis
1215 2225 1216 2237 p

284 2277 520 2346 Caucasus
544 2278 845 2364 etScythicae
870 2287 973 2363 potor
997 2278 1264 2346 Tanaiticus
1288 2279 1425 2347 undae.“

283 2403 519 2487 Appianas
544 2404 686 2488 denique
720 2406 751 2471 in
787 2406 969 2490 prooemio
997 2407 1081 2472 1-5
1106 2406 1171 2471 lam
1195 2404 1355 2471 omnibus
1379 2406 1507 2491 imperil

176 2527 298 2593 linibus
332 2540 363 2593 et
389 2529 524 2612 populis
554 2535 707 2596 accurate
740 2536 772 2596 et
804 2531 955 2596 distincte
989 2530 1192 2597 enumeratis
1225 2530 1256 2595 ln
1292 2532 1508 2598 contentione

178 2652 394 2737 pristinorum
419 2661 452 2719 et
467 2653 608 2722 Romani
634 2655 761 2739 imperii
786 2654 841 2738 (ci.
854 2673 884 2738 p.
900 2655 1037 2739 100sq.)
1062 2654 1151 2720 hunc
1175 2653 1376 2722 laudationis
1395 2655 1507 2723 locum

178 2778 366 2855 Remittunt
379 2778 454 2845 dicit
465 2796 619 2861 prooem.
629 2782 665 2846 9:
682 2780 933 2864 τεκμαιρόμενος
943 2782 992 2844 ὅτι
1003 2780 1178 2862 Ῥωμαίοις
1191 2777 1256 2844 ἀπό
1268 2802 1304 2843 τε
1318 2779 1442 2846 δύσεων
1455 2779 1510 2845 καὶ

118 2942 120 2948 ·
177 2910 237 2967 τοῦ
271 2903 351 2985 πρὸς
389 2905 526 2986 ἑσπέραν
564 2905 712 2969 ὠκεανοῦ
743 2903 796 2968 ἐπὶ
827 2905 865 2967 τὸ
895 2905 1135 2970 Καύκασον
1168 2907 1242 2987 ὅρος
1277 2903 1332 2968 καὶ
1363 2905 1509 2971 ποταμὸν

173 3027 407 3111 Εὐφράτην
431 3027 486 3102 καὶ
509 3028 790 3104 &adtritumue
813 3031 888 3105 τοὺς
912 3033 979 3093 ἄνω
1002 3028 1043 3092 δι’
1065 3028 1297 3112 Αἰγύπτου
1321 3029 1377 3094 καὶ
1400 3029 1510 3113 Ἀρά-

177 3154 263 3235 βων
287 3151 340 3217 ἐπὶ
363 3153 418 3216 τὸν
442 3155 524 3238 ἑῷον
548 3155 691 3220 ὠκεανὸν
715 3157 735 3238 ἡ
759 3157 842 3240 ἀρχὴ
858 3157 1064 3239 διεξέρχεται,
1091 3119 1287 3221 etslmiliter
1300 3153 1509 3238 josephus

179 3277 252 3344 bell.
276 3275 340 3343 lud.
365 3277 387 3343 ΙΙ
411 3279 490 3344 363:
525 3280 646 3365 οὐγὰρ
671 3280 842 3363 ἐξήρκεσεν
866 3282 974 3354 αὐτοῖς
1007 3280 1081 3355 ὅλος
1102 3279 1335 3378 Εὐφράτης
1366 3279 1428 3344 ὑπὸ
1452 3283 1509 3364 τὴν

179 3401 336 3488 ἀνατολὴν
369 3405 442 3468 οὐδὲ
474 3413 539 3468 τῶν
571 3407 798 3489 προσαρκτίων
831 3407 849 3470 ὁ
872 3405 1041 3488 Ἴστρος
1072 3409 1093 3487 η’
1123 3429 1158 3470 τε
1181 3406 1383 3489 μεσημβρινὴ
1414 3407 1508 3496 μέχρι

179 3537 243 3593 τῶν
268 3527 429 3612 ἀοικήτων
453 3529 662 3612 ἐρευνηθεῖσα
681 3530 822 3613 Λιβύη
848 3531 903 3593 καὶ
926 3531 1065 3612 Γάδειρα
1088 3528 1168 3612 πρὸς
1191 3528 1339 3611 ἑσπέραν.

287 3651 373 3718 ldem
390 3628 534 3736 scriptor
547 3660 676 3737 praeter
692 3642 883 3736 Euphraten
905 3660 937 3720 et
952 3653 1067 3720 lstrum
1084 3653 1182 3718 etiam
1201 3650 1354 3720 Rhenum
1373 3670 1509 3720 enume-

176 3759 229 3843 *rat
239 3776 328 3861 (bell.
340 3775 404 3842 lud.
416 3776 450 3843 ΙΙΙ
466 3778 557 3856 toll:
576 3751 589 3844 Ἴ.
602 3829 627 3843 ,.
644 3780 672 3842 εἰ
695 3779 774 3862 πρὸς
799 3782 843 3842 ἕω
865 3765 924 3861 μὲν
941 3767 1193 3862 Εὐφράτης,
1220 3777 1363 3854 ὠκεανὸς
1376 3779 1411 3844 δὲ
1430 3779 1510 3863 πρὸς
1529 3761 1531 3774 ’

179 3903 326 3986 ἑσπέραν,
351 3903 569 3986 μεσημβρινὸν
592 3903 799 3987 ὁὲΛιβύης
822 3904 859 3967 τὸ
883 3904 1036 3968 πιότατον
1058 3905 1112 3967 καὶ
1126 3903 1206 3987 πρὸς
1220 3905 1339 3986 ἄρκτον
1353 3903 1385 3966 Ἴ
1388 3927 1510 3986 στρος

180 4029 214 4090 τε
239 4027 294 4091 καὶ
317 4027 466 4110 Ῥῆνος
488 4034 547 4109 τῆς
560 4029 733 4118 ἡγεμονίας
748 4030 833 4113 ὅροι;
857 4031 995 4111 δεόντως
1009 4029 1071 4112 γὰρ
1093 4031 1130 4092 ἄν
1145 4052 1193 4104 τις
1208 4029 1292 4092 εἴποι
1316 4028 1359 4090 τὸ
1375 4035 1510 4111 κτῆμα

179 4179 408 4247 magnitudinem
436 4180 546 4246 imperii
575 4194 632 4233 non
661 4180 750 4247 ipsam
782 4181 903 4234 laudant
930 4182 979 4235 sed
1005 4183 1125 4249 ¹tantum
1145 4183 1260 4248 optant,
1289 4182 1321 4233 ut
1339 4181 1368 4233 hi
1388 4181 1509 4234 extremi

180 4268 278 4336 populi
298 4269 343 4321 vel
370 4268 452 4321 tluuii
471 4269 500 4320 in
523 4269 718 4326 Romanorum
739 4272 885 4336 potestate
905 4271 1074 4323 remaneant
1094 4271 1137 4324 vel
1158 4271 1351 4336 revertantur,
1371 4269 1406 4324 ci.
1428 4269 1510 4324 Clau·

181 4357 257 4411 dian.
280 4357 376 4412 Prohr.
398 4358 496 4426 Olybr.
521 4357 572 4411 160
591 4372 668 4425 sqq.;
691 4357 832 4416 Rutilium
863 4361 871 4411 l
894 4356 945 4414 145
966 4361 1005 4427 (p.
1021 4354 1091 4421 112).
1223 4355 1224 4360 ’

287 4446 308 4514 ¹)
331 4447 455 4500 Similem
476 4448 691 4500 contentionem
712 4447 829 4516 legimus
849 4451 926 4514 apud
949 4449 1128 4502 Statium
1152 4448 1178 4502 S.
1200 4448 1261 4513 V2,
1286 4447 1348 4500 133:

342 4537 384 4602 ,,Α
395 4549 432 4589 rc
446 4538 483 4589 to
495 4550 533 4589 os
546 4551 563 4588 n
575 4549 589 4588 e
608 4550 706 4591 amnes
726 4539 755 4589 et
777 4537 868 4594 Rheni
887 4537 980 4589 tracta
1000 4536 1114 4590 natabis

340 4625 460 4678 flumina
480 4639 516 4677 an
537 4623 756 4679 aestiferis
779 4626 929 4694 Libyae
948 4626 1064 4680 sudabis
1089 4626 1116 4676 in
1137 4623 1264 4679 armis?“
