3682 5520
463 499 616 590 Livius
640 519 721 568 vero
746 501 917 570 rhetorum
944 506 1111 589 praecepti
1137 522 1271 573 memor
1292 505 1438 576 Romulo
1447 509 1506 593 1)
1498 527 1530 576 m
1555 511 1682 576 caelum
1730 569 1735 580 ,

356 623 489 691 subiato
517 625 625 692 virum
656 626 863 710 quendam
856 647 887 694 m
913 630 1085 717 contione
1100 630 1184 696 haec
1214 630 1377 699 dicentem
1401 632 1483 700 iacit
1508 632 1681 732 (11ό,ό);

261 745 765 834 ‘„R0mn1us...prma
794 727 967 821 hodierna
986 754 1059 822 luce
1083 755 1178 822 caelo
1203 763 1338 840 repente
1363 756 1520 842 delapsus
1543 775 1581 824 se
1605 758 1683 825 mihi

356 874 492 941 obvium
517 873 606 949 dedit
697 883 728 944 et
745 927 751 940 .
766 926 792 939 ..
820 879 943 962 nuntia,
971 879 1082 962 inquit,
1107 878 1270 949 Romanis
1292 881 1454 950 caelestes
1473 883 1516 950 ita
1533 883 1625 960 velie,
1651 889 1684 950 ut

354 1017 430 1066 mea
468 999 575 1070 Roma
613 1009 713 1086 caput
753 1002 847 1069 orbis
888 1011 1049 1071 terrarum
1088 1005 1157 1072 sit.“
1225 1003 1330 1072 Etiam
1369 1007 1441 1075 aliis
1478 983 1576 1090 primi
1614 1006 1682 1074 libri

355 1125 525 1192 nonnullis
572 1126 655 1194 iocis
701 1126 788 1193 hanc
834 1128 1158 1223 praenuntiationem
1207 1131 1427 1206 rhetoricam·
1455 1131 1597 1211 adhibet,
1644 1151 1684 1200 ex

352 1250 474 1333 quibus
521 1250 573 1318 bic
624 1251 739 1330 attero,
792 1253 884 1336 quod
938 1254 1010 1337 ipsa
1066 1271 1204 1339 quoque
1256 1255 1290 1321 in
1343 1256 1455 1336 „miris
1501 1258 1605 1342 signis
1651 1259 1681 1323 in

345 1370 525 1442 'nascendo
545 1376 605 1460 (sc.
626 1377 670 1444 rei
692 1376 843 1460 publicae
860 1377 1049 1464 Romanae)
1070 1390 1124 1446 ort
1126 1380 1173 1445 is“
1196 1379 1350 1448 habenda
1369 1388 1428 1460 est,
1449 1383 1683 1482 narrationem,

305 1514 307 1519 ’
353 1517 453 1583 quam
475 1499 615 1584 legimus
636 1500 687 1568 lib.
708 1500 788 1580 155,
808 1503 842 1568 5:
866 1509 1037 1601 „secutum
1059 1504 1147 1571 aliud
1169 1484 1461 1588 magnitudinem
1452 1507 1582 1590 imperii
1595 1515 1684 1590 por-

300 1639 304 1644 ·
353 1624 493 1692 tendens
523 1624 712 1710 prodigium
742 1598 806 1693 est:
841 1634 941 1712 caput
970 1628 1155 1728 humanum
1188 1630 1313 1715 integra
1344 1629 1428 1698 iacie
1459 1632 1684 1714 aperientibus

351 1738 569 1818 fundamenta
592 1750 705 1835 tempii
730 1749 916 1837 (Capitolii)
940 1752 1058 1819 dicitur
1082 1755 1289 1838 apparuisse.
1335 1754 1435 1838 Quae
1459 1757 1529 1822 visa
1553 1757 1684 1840 species

352 1873 441 1940 haud
473 1891 532 1958 per
563 1863 724 1960 ambages
753 1895 863 1943 arcem
896 1884 970 1944 eam
1002 1878 1129 1963 imperii
1165 1883 1331 1963 caputque
1362 1896 1472 1948 rerum
1502 1880 1576 1948 iore
1606 1897 1683 1964 por-

351 1998 514 2078 tendebat,
555 1999 654 2085 idque
691 2002 733 2067 ita
763 1978 1041 2081 cecineresvates
1081 2004 1136 2088 qui
1173 2005 1204 2070 in
1242 2005 1323 2071 urbe
1350 1994 1543 2092 'erant“²).„
1568 2004 1681 2088 Quam

352 2123 780 2206 narrationem-Florus
817 2127 888 2210 ipse
926 2145 1072 2212 quoque,
1109 2129 1164 2211 qui
1203 2127 1280 2195 Livii
1319 2130 1529 2220 epitomator
1558 2130 1682 2196 nuiiam

352 2249 569 2317 occasionem
595 2249 724 2319 Romae
748 2249 935 2319 laudandae
960 2251 1231 2353 praetermittit3)‚
1256 2253 1382 2337 profert
1404 2253 1429 2340 (1
1458 2257 1484 2333 1,
1507 2254 1552 2338 9).

355 2429 373 2499 Ῐ
457 2444 544 2514 Satis
577 2446 680 2513 muita
703 2444 811 2534 {verba
844 2448 923 2514 mibi
955 2449 1075 2518 iecisse
1104 2448 1221 2538 videor
1248 2449 1289 2517 de
1317 2451 1410 2534 τόπῳ
1440 2450 1494 2516 dn*
1526 2451 1681 2536 οζκιστοῦ.

351 2569 448 2637 Nunc
481 2588 588 2654 pauca
622 2562 787 2639 addamus
819 2572 860 2639 de
894 2572 1027 2657 reliquis
1061 2573 1152 2650 iocis,
1188 2592 1208 2641 a
1240 2575 1361 2659 quibus
1394 2576 1569 2660 originem
1593 2575 1684 2642 urbis

349 2694 509 2762 celebrari
531 2696 715 2763 Menander
738 2695 882 2781 (111353,
906 2700 942 2764 ό;
967 2701 1013 2774 εἰς
1036 2701 1111 2774 τοὺς
1134 2701 1339 2783 οἰκήσαντας,
1437 2703 1483 2777 εἰς
1505 2702 1563 2778 τὰς
1585 2725 1684 2786 μετα-

458 3008 480 3073 l)
505 3011 662 3068 Romulum
686 2993 780 3077 ipsum
801 3025 916 3079 quoque
936 3012 1099 3080 exemplum
1119 2993 1323 3086 scholasticum
1340 3015 1423 3086 buius
1437 3004 1511 3088 περὶ
1524 3006 1685 3088 γενέσεως

348 3097 533 3181 θαυμασίας
558 3109 609 3162 ioci
633 3108 720 3164 fuisse
750 3113 872 3176 apparet
900 3123 937 3162 ex
964 3111 1007 3164 his
1032 3111 1126 3164 verbis
1152 3111 1301 3164 Menandri
1326 3112 1457 3178 111371,
1482 3112 1511 3165 4;
1548 3103 1587 3167 τὸ
1609 3102 1685 3186 περὶ

348 3197 561 3280 γενέσεως..
576 3199 639 3261 .ε’ί
658 3220 690 3261 τι
714 3196 892 3280 σύμβαλον
898 3200 1012 3281 γέγονε
1035 3198 1108 3282 περὶ
1130 3200 1186 3263 τὸν
1208 3200 1305 3264 τόκον
1327 3202 1348 3284 ἢ
1372 3199 1457 3264 κατὰ
1480 3207 1541 3284 γῆν
1564 3202 1584 3283 ἢ
1608 3199 1681 3264 κατ’

348 3294 545 3378 οὐρανὸν..
558 3295 640 3359 ,καὶ
664 3295 875 3368 ἀντεξέτασαν
897 3306 966 3371 τοῖς
988 3297 1061 3382 περὶ
1083 3297 1145 3362 τὸν
1161 3296 1329 3381 Ῥωμύλον
1352 3321 1408 3362 και
1401 3297 1583 3419 Κῦρον..
1595 3298 1685 3362 ,καὶ

347 3393 409 3477 γὰρ
434 3394 567 3469 ἐκείναις
591 3394 707 3476 συνέβη
732 3393 802 3458 τινὰ
825 3395 1004 3477 θαυμάσια.

376 3546 378 3550 ·
455 3523 478 3591 ²)
502 3527 539 3583 ci.
560 3528 725 3596 Dionys
746 3528 831 3582 Hal.
851 3531 908 3582 art.
927 3530 1000 3583 rhet.
979 3531 1033 3583 1
1042 3529 1144 3598 3(p
1164 3531 1229 3597 257,
1251 3525 1310 3592 17):
1330 3544 1359 3584 ει
1351 3521 1413 3584 da
1432 3521 1662 3604 καιμνθος
1630 3545 1682 3604 ειη

347 3616 520 3700 λεγόμενός
541 3640 590 3691 τις
612 3617 693 3699 περὶ
707 3623 766 3698 τῆς
791 3618 929 3693 πόλεως,
960 3621 1046 3683 ουτω
1069 3619 1108 3682 dv
1131 3619 1187 3682 καὶ
1208 3620 1331 3702 πολλὴν
1357 3618 1543 3702 γλυκύτητα
1570 3620 1685 3703 ἔχοιε
1664 3643 1684 3683 o

346 3714 444 3798 λόγος
467 3725 565 3792 (1115,
585 3718 792 3792 51275,24]).

454 3845 477 3912 ³)
503 3850 617 3902 Florum
643 3850 733 3918 magis
761 3851 825 3902 rhet
827 3863 904 3903 orem
932 3863 1018 3918 quam
1049 3851 1217 3904 historicum
1246 3863 1306 3906 esse
1332 3852 1390 3904 iam
1415 3853 1533 3906 ioannes
1559 3850 1685 3904 Michaei

349 3938 569 3993 Heinzius:
589 3940 736 4007 synt.agm
756 3952 853 4006 opusc.
874 3953 902 4006 p.
922 3941 977 3993 260
997 3941 1208 3994 demonstravit
1227 3940 1369 4008 (conferas
1391 3953 1506 4010 quoque
1525 3941 1683 3994 editionem
1729 3965 1732 3973 .

349 4012 464 4082 Ottonis
494 4014 609 4095 latin,
637 4028 712 4094 Lips.
741 4029 809 4082 1852
836 4028 926 4096 praei
950 4041 979 4095 p.
1001 4028 1096 4082 XLIV
1115 4042 1222 4096 sqq
1208 4029 1293 4084 etc
1314 4026 1520 4098 Weyman.
1550 4029 1637 4085 Arcir
1660 4029 1683 4084 i.

348 4117 399 4193 iat.
420 4118 487 4170 Lex.
510 4104 580 4170 XIV
599 4113 745 4196 (1906)p.
765 4113 896 4181 41-50).
931 4119 1003 4172 Flori
1024 4119 1221 4184 opusculum
1215 4131 1272 4171 ram
1291 4121 1382 4187 semp
1384 4133 1445 4172 ores
1465 4121 1514 4172 ve
1516 4131 1575 4172 eres
1595 4131 1683 4186 pane-

347 4207 476 4276 gyricum
491 4207 601 4273 imperii
615 4206 736 4264 Romani
753 4208 842 4275 magis
859 4220 946 4274 quam
961 4207 1111 4260 historiam
1127 4209 1274 4274 putavisse
1291 4210 1412 4275 apparet
1427 4221 1463 4260 ex
1477 4208 1598 4276 Augus
1608 4208 1682 4261 tini

347 4296 440 4350 verbis
461 4297 495 4350 de
511 4297 566 4350 civ.
582 4297 625 4350 dei
647 4296 749 4361 11119,
771 4297 818 4364 qui
838 4309 903 4349 eum
924 4298 952 4349 in
968 4310 1086 4350 numero
1102 4310 1199 4350 eorum
1215 4297 1304 4350 habet
1292 4298 1394 4369 t„qur
1412 4311 1468 4350 non
1486 4300 1546 4352 tam
1566 4309 1683 4350 narrare
1738 4361 1744 4374 ·

347 4385 422 4439 uena
444 4385 574 4442 Romana
595 4385 1345 4454 quamRomanumimperiumlaudare
1370 4383 1681 4440 instituerunt“

347 4473 396 4543 (ci.
419 4475 449 4529 L.
467 4475 661 4544 Spengel:
684 4465 759 4528 Uber
779 4476 824 4528 die
844 4474 1120 4530 Gescirichtsbiicirer
1141 4479 1188 4530 des
1207 4477 1316 4541 Florus,
1336 4475 1412 4529 Abii.
1428 4477 1456 4529 d.
1473 4476 1554 4546 bayr.
1570 4475 1625 4529 ak.
1641 4473 1684 4528 1Χ

347 4561 444 4633 (1863)
459 4577 487 4631 p.
503 4559 583 4631 334);
604 4564 703 4619 Florus
724 4566 732 4616 1
752 4565 775 4631 1,
794 4565 811 4618 3
831 4565 890 4631 ipse
910 4566 964 4618 hoc
983 4565 1154 4619 confitetur:
1176 4579 1252 4631 „non
1273 4565 1354 4632 nihii,
1373 4567 1406 4619 ut
1425 4577 1519 4632 spero,
1539 4565 1575 4617 ad
1590 4563 1685 4620 admi-

347 4643 488 4708 rationem
509 4650 643 4720 principis
664 4654 762 4726 popuii
782 4652 969 4708 c'ollaturus.“
1008 4723 1011 4727 Ι
