3664 5512
1477 305 1520 369 80

172 485 264 587 ¹loco
289 521 468 587 exercitum
493 518 681 591 Romanum
705 519 818 586 laudat
838 517 1069 586 Aristides
1092 516 1197 583 XXVl
1216 515 1275 583 8'l':
1301 518 1338 582 οὐ
1359 517 1420 602 γὰρ
1440 516 1520 601 πρὸς

165 646 258 722 ’τοὺς
281 644 454 729 πολεμίους
478 645 589 710 ἀσκεῖν
612 645 710 728 μόνον
739 644 927 728 προῦθεσθε
956 644 1036 709 αὐτὰ
1067 652 1134 718 τοῖς
1165 641 1378 728 στρατιώταις
1402 665 1436 705 τε
1464 641 1520 706 καὶ

96 743 97 747 ¹
183 771 349 856 ἡγεμόσιν,
375 770 456 869 ἀλλὰ
475 770 556 854 πρὸς
575 770 690 845 αὐτοὺς
709 778 848 854 πρῶτον·
884 757 970 835 ὥστε
989 767 1066 832 καθ’
1087 768 1208 853 ἡμέραν
1228 768 1370 849 ἑκάστην
1384 769 1417 832 ἐν
1431 768 1519 840 τάξει

184 893 319 979 ζῆνκαὶ
341 874 469 979 μήποτε
493 895 595 960 λιπεῖν
618 897 741 978 μηδένα
764 897 822 979 τὴν
840 894 1123 980 προστεταγμένην
1147 895 1246 977 αὐτῷ.

291 1017 404 1086 Talem
431 1019 609 1087 exercitum
634 1037 770 1102 semper
793 1019 834 1086 ad
859 1017 1119 1104 depugnandum
1140 1025 1292 1102 paratum
1310 1035 1385 1085 esse
1409 1017 1521 1099 dicunt

185 1144 410 1226 Iosephus
435 1143 469 1210 ΙΙΙ
498 1145 577 1211 106:
603 1145 680 1231 ὅθεν
702 1147 817 1229 θρᾶσαι
841 1146 900 1228 μὲν
924 1143 974 1208 ἀεὶ
999 1154 1107 1229 ταχεῖς
1131 1151 1162 1211 ei
1186 1143 1394 1211 Aristides
1419 1143 1439 1227 ᾗ
1464 1144 1518 1208 77:

184 1268 371 1344 ἀσκοῦνται,
398 1271 486 1346 ὅπως
510 1270 606 1346 εὐθὺς
630 1271 770 1346 ἑστῶτες
793 1271 989 1356 ὑπερέχοιεν.

290 1394 371 1462 Aliis
391 1411 527 1478 quoque
548 1395 718 1462 nonnullis
739 1394 856 1461 irarum
875 1394 915 1461 de
932 1401 966 1462 re
983 1395 1112 1462 militari
1129 1393 1362 1464 Romanorum
1383 1392 1519 1462 laudum

184 1519 269 1587 locis
293 1536 499 1587 consensum
525 1518 693 1602 quendam
718 1521 863 1587 statuere
888 1491 1083 1603 possumns
1107 1520 1162 1603 qui
1185 1519 1331 1588 tortasse
1346 1519 1520 1586 communi

184 1662 225 1711 ex
248 1643 367 1710 schola
392 1643 630 1710 declamatoria
655 1645 772 1729 origini
799 1644 944 1711 debetur.
992 1638 1171 1711 Celebrant
1196 1646 1284 1711 enim
1311 1644 1463 1736 militesg

190 1771 212 1778 ἡ
436 1822 788 1908 ιοεεριιεειι
1060 1787 1062 1804 ’
1126 1823 1484 1909 Αιιειιαεεηειε

229 2127 262 2191 ἐν
285 2127 354 2191 ἔθει
379 2128 560 2202 συντάξεως
591 2129 638 2209 (et
664 2130 725 2195 104
749 2127 802 2194 ἐπὶ
825 2130 1040 2213 παρατάξεως
1118 2129 1193 2204 long

232 2253 265 2316 ἓν
288 2260 385 2336 σῶμα
408 2253 467 2336 τὴν
490 2252 568 2334 ὅλην
590 2254 762 2338 στρατιάν)

190 2379 242 2442 74.
278 2379 351 2441 οὔτε
375 2379 447 2452 δέος
471 2375 634 2460 ἐξίστησιν
653 2376 669 2460 (
672 2379 788 2453 αὐτοὺς
790 2379 807 2461 )
826 2381 900 2444 οὔτε
914 2380 1041 2464 δαπανᾷ
1097 2380 1201 2464 φυγὴν
1225 2381 1262 2444 οὐ
1276 2375 1469 2462 Ινομίζοντες

194 2531 195 2534 “
230 2501 337 2576 πόνος·
363 2501 416 2586 (ci.
433 2501 497 2569 lin.
517 2500 560 2567 lX
583 2505 629 2580 19,
653 2505 687 2568 9:
713 2503 788 2585 quis
808 2521 868 2586 par
884 2502 1041 2574 Romano

233 2626 336 2704 miles,
352 2627 426 2710 quis
438 2623 478 2691 ad
493 2625 705 2694 tolerandum
718 2627 867 2694 laborem
881 2628 1039 2718 meliori)

233 2753 343 2815 έπεται
376 2753 411 2816 δέ
439 2751 475 2815 τὸ
515 2762 644 2837 κρατεῖν
680 2751 731 2816 ἀεὶ
766 2753 850 2817 κατὰ
884 2761 948 2818 τῶν
983 2755 1041 2839 οὐχ

233 2875 354 2959 ὁμοίων
376 2878 508 2959 βέβαιον
519 2877 550 2959 1)

191 3003 263 3068 106.
300 3000 367 3066 οὐδ’
401 3003 487 3065 ἔστιν
520 3003 601 3066 ὅπου
635 3002 808 3077 σταθέντες
840 3006 859 3086 ἢ
892 3003 1041 3086 πλήθους
1098 3000 1523 3086 (Liv.llo‚7:nullasopes

231 3126 426 3209 ἡσσήθησαν
455 3129 476 3214 ἢ
506 3128 786 3212 στρατηγημάτων
813 3130 834 3210 ἢ
858 3127 1041 3214 δυσχωρίας
1119 3127 1287 3194 humanas
1325 3128 1427 3194 armis
1459 3126 1522 3197 ΒΟΕ

394 3345 397 3352 γ
1119 3254 1228 3319 manis
1239 3253 1393 3320 resistere
1405 3253 1523 3336 posse)

210 3473 214 3482 ³
294 3393 449 3460 Similiter
481 3393 623 3477 denique
657 3401 794 3477 uterque
826 3397 978 3479 scriptor¹
1003 3396 1102 3462 nnius
1136 3396 1282 3463 encomii
1308 3395 1410 3463 tinem
1429 3396 1521 3462 iacit:

447 3588 674 3673 losepnus
705 3593 782 3656 ιον
1063 3555 1066 3714 Ι
1156 3590 1382 3660 Aristides
1405 3595 1463 3659 ao:

188 3767 236 3842 οἷς
261 3767 316 3832 οὖν
338 3768 439 3852 βουλὴ
462 3771 521 3850 μέν
549 3771 639 3853 ἄρχει
672 3770 893 3853 παρατάξεως,
929 3773 1040 3836 ἕπεται
1096 3772 1257 3856 ὅτανγὰρ
1281 3775 1363 3857 ἄρχῃ
1396 3773 1455 3855 μὲν
1478 3772 1523 3847 εἷς

232 3893 268 3956 δὲ
292 3902 358 3968 τοῖς
381 3893 649 3978 βεβουλευμήνοις
682 3894 819 3980 στρατὸς
852 3899 937 3960 οὕτω
967 3895 1041 3980 θρα·
1141 3897 1384 3961 τοσούτων...
1419 3899 1523 3961 πάντα

234 4016 374 4100 στήριος,
419 4016 462 4082 τί
496 4019 756 4102 θαυμαστὸν
798 4021 897 4084 εἰ...
931 4025 1039 4087 totum
1140 4021 1169 4084 δ’
1192 4024 1266 4087 άνεσ
1294 4022 1437 4107 θορύβου
1468 4019 1523 4086 καὶ

234 4141 351 4206 Orbem
377 4142 589 4226 subegerunt.
1017 4192 1021 4198 ,
1078 4141 1080 4153 ’
1142 4154 1347 4231 ταραχῆς...
1372 4145 1464 4229 θίκης
1487 4147 1523 4211 δὲ

189 4251 402 4258 ———-—--....

296 4290 318 4356 1)
338 4294 427 4364 Magis
447 4296 535 4348 etiam
555 4296 750 4364 haeloseplri
778 4298 939 4352 sententiae
969 4297 1029 4366 ipsa
1058 4299 1264 4367 compositione
1295 4301 1324 4352 et
1352 4299 1522 4367 repetitione

188 4382 341 4436 verborum
360 4386 453 4447 artem
471 4385 672 4464 scholasticam
693 4387 821 4439 redolent
843 4388 919 4456 (bell.
946 4389 1004 4441 lud.
1030 4389 1073 4441 lll
1093 4384 1153 4450 75l:

188 4459 244 4526 νιαὶ
282 4464 340 4526 οὐκ
377 4467 415 4527 ἂν
451 4464 589 4548 ἁμάρτοι
628 4489 675 4540 τις
711 4467 810 4530 εἰπὼν
852 4467 909 4540 τὰς
944 4466 1235 4551 μὲνκμελέτας
1277 4469 1382 4533 αὐτῶν
1423 4466 1524 4552 χωρὶς
1551 4487 1639 4530 nnc.

297 4555 485 4635 αἵματος
516 4555 812 4638 παρατάξεις,

189 4640 247 4714 τὰς
270 4643 543 4726 παρατάξεις
567 4644 602 4706 δὲ
624 4643 701 4726 μεθ’
727 4647 914 4725 αἵματος
936 4645 1139 4728 μελέτας.

1559 4675 1578 4706 c.
1592 4665 1614 4706 b.
1628 4675 1648 4706 ι.
