3664 5512
1429 333 1495 428 ιονΙ

160 538 394 626 geographicis
427 537 585 608 docuisse
619 541 794 610 verisimile
827 545 923 628 est1).
982 539 1159 611 Praeterea
1189 545 1220 610 in
1255 544 1488 612 Menandri

161 667 265 749 ipsius
290 666 476 750 praeceptis
501 666 675 738 rhetoricis
699 668 840 734 similem
872 669 1077 752 populorum
1107 670 1325 737 subactorum
1352 669 1490 736 enume'·

161 793 324 860 rationem
357 791 497 873 legimus
528 790 577 874 (ΙΙΙ
603 793 676 869 387,
710 793 782 876 20):
825 795 858 857 οἱ
885 795 1143 877 νιστέρεςνήμῶν
1171 795 1271 878 ἦρξαν
1301 795 1338 859 οὐ
1366 803 1491 878 μικρῶν

160 919 329 1001 θαλάσσης
338 921 475 1003 μέτρων,
491 903 565 984 ualde*
575 917 681 1000 νήσων
692 927 785 982 τινῶν
795 921 957 1002 ἄρχουσιν,
969 919 1043 986 οὐδὲ
1052 921 1357 1003 περιγεγραμμένων
1370 921 1489 996 τόπων,

160 1043 308 1128 καθάπερ
342 1045 756 1126 ἡΠελσνιόννησσς,
790 1043 859 1108 ἀλλ’
893 1043 971 1127 ἦρξε
1004 1044 1061 1127 μὲν
1091 1043 1276 1119 Λυδίας,
1311 1046 1428 1128 ἐπῆρξε
1455 1046 1491 1110 δὲ

157 1168 191 1232 Κ
199 1170 357 1252 apiae„
381 1170 436 1233 καὶ
467 1171 614 1252 προῆλθε
646 1159 704 1252 τὴν
737 1170 848 1252 ἑῴαν
882 1171 1054 1232 ἅπασαν
1088 1171 1400 1252 καταστρεφόμενος,
1436 1172 1491 1236 καὶ

129 1381 131 1388 Ι
162 1295 377 1377 ὡμολόγησαν
400 1296 475 1378 ἡμῖν
498 1293 918 1376 δουλεύεινΑἰγύπτιοι
942 1294 997 1357 καὶ
1018 1293 1248 1376 Βλέμμυες
1271 1295 1326 1358 καὶ
1346 1293 1491 1378 Ἐρεμ-

159 1420 245 1500 βῶν
267 1419 355 1502 γένη.
390 1418 490 1502 Quae
509 1437 585 1484 cum
607 1419 650 1484 ita
669 1419 742 1495 sint,
762 1418 922 1485 omnibus
942 1417 1179 1500 magnitudinis
1199 1419 1326 1501 imperii
1349 1417 1490 1488 Romani

161 1540 417 1622 laudationibus
442 1562 527 1635 quas
550 1543 738 1619 afferemus,
764 1542 965 1610 rhetoricum
992 1543 1143 1609 colorem
1170 1544 1281 1610 inesse
1304 1561 1491 1610 censemus

267 1667 373 1750 Atque
409 1686 564 1734 enarrare
600 1669 799 1751 incipiamus
836 1665 1108 1750 aVergili0‚
1146 1668 1200 1750 qui
1238 1666 1489 1752 amplitudinem

161 1793 288 1876 imperii
313 1792 451 1876 Augusti
477 1792 620 1860 celebrat
644 1791 737 1874 (lien.
758 1791 798 1858 Vl
824 1791 919 1876 loll:
945 1847 947 1851 ⁴

252 1911 255 1916 ’
536 1936 658 2001 „super
682 1915 907 1984 Garamantas
931 1922 962 1982 et
987 1916 1086 1984 lndos
1164 1964 1168 1982 ι

322 2042 470 2127 proferet
493 2043 699 2127 imperium.“

321 2168 386 2236 798
406 2167 509 2264 liuius
533 2169 564 2234 in
588 2167 768 2234 adventum
794 2167 858 2234 iam
877 2185 972 2233 nunc
997 2173 1029 2232 et
1052 2165 1219 2249 Caspia
1249 2180 1350 2249 regna

322 2294 497 2376 responsis
519 2292 656 2359 horrent
680 2291 792 2359 divom
819 2298 851 2358 et
873 2292 1065 2359 Maiotia
1089 2291 1185 2358 telius

320 2412 352 2482 et
375 2417 629 2500 septemgemini
654 2417 787 2482 turbant
809 2416 937 2500 trepida
962 2415 1194 2484 ostiaNili“.

160 2559 315 2627 Similiter
348 2558 458 2626 Nilum
500 2566 535 2652 et
567 2559 721 2627 Maeotas
763 2566 934 2627 extremos
976 2561 1104 2644 imperii
1147 2559 1232 2627 lines
1270 2561 1366 2643 ponit
1394 2561 1492 2626 Ari-

159 2684 305 2752 stides
329 2683 433 2750 XXVl
455 2687 512 2751 28:
542 2685 703 2769 ἐκφεύγει,
721 2686 756 2750 δὲ
780 2687 862 2769 ὑμᾶς
891 2658 993 2760 οὐδὲν,
1028 2687 1065 2748 οὐ
1092 2684 1195 2760 πόλις,
1226 2686 1285 2749 οὐκ
1314 2685 1419 2761 ἔθνος,
1455 2687 1491 2750 οὐ
1554 2765 1555 2770 ¹

86 2898 89 2904 Ι
159 2799 1003 2893 λιμήν,οὐχωρίσν...ἒρσθράτεθάλαττα
1027 2809 1081 2874 καὶ
1103 2811 1267 2875 Νείλου
1291 2811 1496 2892 καταράκται
1567 2863 1572 2878 .

124 2927 126 2932 ’
160 2932 216 2998 καὶ
248 2935 340 3018 λίμνη
368 2935 589 3010 Μαιῶτις,
623 2937 644 2998 ἃ
674 2945 741 3011 τοῖς
773 2936 929 3019 πρότερον
958 2935 991 2998 ἐν
1020 2937 1135 3020 πέρασι
1164 2942 1224 3018 γῆς
1253 2903 1402 3019 ἠκσύετσ,
1438 2937 1492 3000 ἴσα

159 3057 215 3123 καὶ
243 3058 341 3141 αὐλῆς
371 3060 463 3142 epula
492 3061 568 3142 τῇδε
591 3066 632 3142 τῇ
661 3059 770 3134 notem
801 3077 909 3144 neque
940 3059 1032 3125 aliter
1063 3059 1315 3143 Dexippus,
1345 3058 1403 3144 irg.
1433 3063 1489 3126 29:

162 3184 202 3267 (ἡ
223 3183 394 3267 Ῥωμαίων
418 3183 522 3268 ἀρχή)
541 3186 779 3268 ...ὁρισαμένη
803 3170 927 3269 πίρατα
951 3186 1065 3268 ἑαυτῆς
1089 3185 1168 3267 πρὸς
1190 3185 1249 3266 μὲν
1273 3187 1317 3248 ἕω
1342 3183 1491 3271 Ἰνδοὺς

160 3309 215 3372 καὶ
236 3307 429 3392 Ἐρυθρὰν
448 3308 613 3373 θάλατταν
632 3285 687 3374 καλ
705 3309 853 3372 Νεῖλον
873 3307 928 3396 καὶ
944 3309 1245 3392 Καταρράνιτσς
1268 3308 1324 3375 καὶ
1346 3309 1491 3393 λίμνην

156 3433 377 3508 Μαιῶτιν,
412 3440 444 3502 et
476 3433 785 3514 Mamertinus,
819 3435 873 3517 qui
908 3440 1025 3500 orator
1057 3431 1152 3500 Ennii
1185 3435 1354 3518 versum2)
1387 3436 1492 3502 citans

161 3557 296 3624 uberius
328 3558 394 3625 noc
425 3559 504 3624 loco
537 3558 704 3625 rhetorico
735 3559 834 3624 utitur
862 3555 999 3642 (Paneg.
1027 3557 1093 3624 Lat.
1117 3557 1158 3624 Xl
1176 3562 1234 3636 lo,
1265 3559 1316 3643 3);
1350 3577 1388 3637 „a
1417 3559 1491 3626 sole

160 3683 332 3750 exoriente
357 3653 464 3765 usque
489 3682 529 3749 ad
554 3683 751 3762 Maeotis
773 3681 933 3765 paludes‘
953 3681 1002 3759 „id
1026 3700 1112 3748 nunc
1132 3678 1267 3766 longius
1292 3684 1491 3768 longiusque

267 3849 288 3917 1)
320 3853 397 3907 Haec
427 3855 471 3906 lex
499 3855 670 3908 scholastica
699 3855 791 3907 elucet
820 3868 855 3908 ex
883 3855 925 3908 nis
957 3855 1058 3907 Horati
1088 3855 1226 3920 versibus,
1256 3855 1359 3922 quibus
1389 3857 1490 3923 poetae
1547 3835 1550 3846 ¹

159 3943 322 4012 Angustum
345 3943 497 3996 laudatum
517 3943 690 4011 praecipitur
709 3944 805 4011 (epist.
828 3946 852 3996 ll
877 3945 899 4010 l,
923 3942 1002 4009 250:

801 4046 862 4100 „res
887 4046 1056 4100 componere
1076 4035 1170 4102 gestas

373 4123 570 4188 terrarumque
595 4121 667 4174 situs
692 4123 721 4175 et
741 4122 861 4174 flumina
882 4122 973 4175 dicere
993 4124 1022 4175 et
1041 4135 1118 4175 arces

377 4211 523 4265 montibus
544 4210 693 4278 impositas
713 4213 742 4265 et
762 4211 883 4264 barbara
904 4209 1018 4280 regna“.

158 4299 208 4366 (ct.
228 4301 353 4352 Peter.
384 4301 399 4352 l.
421 4312 444 4352 c.
474 4301 494 4351 ll
515 4298 582 4353 214:
609 4301 708 4365 „Aucti
729 4299 773 4352 die
796 4300 934 4357 Rhetorilr
955 4300 1148 4368 bemdclrtigte
1163 4302 1222 4353 sicli
1238 4302 1287 4354 der
1305 4300 1490 4369 Geographie,

160 4403 208 4442 um
229 4390 317 4442 durclr
338 4389 376 4440 sie
392 4389 600 4456 Abwechslung
619 4389 648 4440 in
668 4389 712 4442 die
731 4390 892 4457 Erzaihlung
913 4404 946 4440 zu
968 4390 1096 4458 bringeri,
1116 4391 1174 4442 und
1195 4391 1267 4442 nach
1288 4390 1337 4442 der
1356 4389 1491 4458 Meinung

160 4465 348 4531 der'Dichter
368 4479 503 4546 gendrten
524 4479 744 4546 geographische
766 4478 861 4532 Listen
882 4479 946 4530 dem
966 4480 1060 4532 nonen
1082 4478 1137 4531 Stil
1156 4475 1236 4541 an.“)

266 4564 290 4631 ²)
314 4565 366 4628 Qui
388 4569 473 4633 poeta
498 4568 551 4619 noc
576 4580 657 4620 versu
684 4569 756 4635 (var.
782 4568 818 4620 lV
836 4568 867 4620 21
891 4557 956 4621 ed.2
976 4567 1106 4635 Vahlen.)
1134 4569 1240 4634 primus
1264 4568 1408 4622 extremos
1435 4569 1491 4620 ter-

159 4655 251 4711 minos
271 4655 507 4722 septentrionales
529 4655 680 4723 paludibus
701 4656 851 4710 Maeotidis
872 4656 1025 4724 significat.
1066 4655 1201 4709 Similiter
1230 4656 1318 4710 etiam
1349 4657 1515 4711 Florus¹
