3682 5520
657 540 686 605 l.
723 536 777 605 De
801 539 931 604 natura
957 537 994 602 et
1019 530 1205 620 positione
1230 529 1341 601 urbis.
1438 605 1442 615 ,

438 683 503 753 lam
539 688 573 747 ut
607 681 706 748 nobis
741 680 994 764 proposuimus,
1028 678 1236 744 disseramus
1267 674 1308 741 de
1339 674 1417 742 loco
1447 675 1502 757 qui
1528 681 1578 738 est
1602 675 1665 740 ἀπὸ

329 811 465 883 δέσεως.
511 807 538 872 Α
571 823 640 890 quo
666 806 810 888 primum
842 805 957 879 urbem
983 799 1216 888 celebrandam
1242 817 1318 865 esse
1351 799 1503 886 rhetores
1528 799 1664 865 docent:

331 915 458 1000 Dion.
485 931 666 997 Haloti.
704 929 782 1018 rhet.
817 933 842 1006 l,
876 931 895 996 3
930 930 976 1012 (p.
1008 928 1087 1003 257,
1112 925 1161 1010 6):
1197 923 1332 1008 Ἐιμεξῆς
1365 926 1486 1006 ἐπιέναι
1518 926 1579 1010 χρὴ
1611 925 1666 988 τὸν

330 1061 458 1124 ἔπαινον
490 1064 548 1139 τῆς
579 1057 706 1130 πόλεως
826 1055 899 1137 περὶ
932 1051 1058 1127 δέσεως
1092 1053 1199 1134 αὐτῆς.
1261 1048 1508 1132 Menander
1545 1054 1666 1124 autem,

330 1182 408 1275 quid
442 1183 504 1248 sub
537 1198 622 1247 voce
655 1183 782 1254 δέσεως
815 1180 846 1245 in
882 1177 1073 1245 laudatione
1105 1176 1195 1242 urbis
1227 1174 1428 1242 audiendum
1454 1176 1502 1252 sit,
1527 1174 1667 1256 explicat

332 1309 515 1374 hisverbls
546 1305 595 1390 (ΙΙΙ
621 1307 694 1382 344,
727 1305 796 1388 llll:
831 1300 923 1370 δέσιν
952 1273 1057 1368 τοίνυν
1086 1303 1195 1386 χώρας
1224 1302 1440 1384 δοκιμάζομεν
1462 1325 1498 1364 τε
1522 1301 1576 1364 καὶ
1600 1302 1667 1385 κρί-

330 1455 424 1515 νομεν
454 1434 544 1505 ὅπως
574 1439 677 1495 κεῖται
708 1431 877 1523 πρὸςὲγῆν
905 1433 925 1512 ἢ
956 1429 1036 1512 πρὸς
1065 1427 1240 1501 θάλατταν,
1267 1429 1291 1509 ,ἢ
1315 1425 1395 1507 πρὸς
1423 1425 1555 1509 οὐρανὸν
1583 1426 1665 1498 κτλ.,

323 1563 430 1640 'atque
465 1555 550 1622 idem
588 1555 722 1621 tiberius
756 1554 845 1638 (347,
879 1543 1057 1637 2);δέσιν
1085 1553 1213 1626 πόλεως
1243 1551 1458 1634 δοκιμάζομεν
1486 1550 1570 1614 κατὰ
1592 1549 1667 1624 τοὺς

267 1693 269 1704 ’
333 1682 574 1756 .·..τόπους...
605 1674 730 1762 ἢπρδς
760 1679 893 1761 οὐρανὸν
924 1679 979 1741 καὶ
1003 1680 1099 1760 ὥρας,
1130 1679 1150 1759 ἢ
1179 1673 1260 1760 πρὸς
1289 1678 1430 1772 ἤπειρον,
1461 1676 1585 1759 ἢπρδς
1607 1673 1668 1738 δά-

330 1809 448 1870 lanan
559 1805 579 1886 ἢ
609 1804 689 1886 πρὸς
718 1803 776 1877 τὰς
806 1804 987 1886 περιοίκους
1017 1802 1126 1885 χώρας
1155 1803 1210 1865 καὶ
1238 1802 1358 1875 πόλεις,
1393 1803 1413 1884 ἢ
1443 1801 1522 1884 πρὸς
1547 1802 1616 1884 ὄθηι
1646 1802 1667 1882 ἢ

330 1931 409 2014 πρὸς
437 1930 542 1994 πεδία.
575 1929 612 1992 no*
644 1929 777 2011 ἄνυδρον
809 1927 889 1991 εἶναι
918 1928 975 2010 τὴν
1005 1928 1098 1990 πόλιν
1126 1929 1147 2010 ἢ
1171 1935 1330 2008 ποταμοῖς
1357 1927 1665 2009 περιειλῆφδαι....

255 2033 256 2036 ¹
332 2061 363 2121 et
396 2055 568 2138 praecipit,
600 2060 633 2120 ut
664 2052 730 2120 boc
773 2052 880 2117 laudis
921 2052 999 2118 loco
1041 2051 1184 2133 primum
1225 2049 1266 2116 de
1303 2050 1383 2116 caeli
1414 2050 1604 2117 salubritate
1638 2057 1668 2115 et
1724 2043 1727 2048 ’

159 3085 166 3094 r
209 3071 239 3110 lie

164 3141 287 3184 salubritate

194 3213 255 3255 caeli.

330 2179 491 2255 fertilitate
522 2185 590 2244 tum
617 2177 658 2244 de
683 2178 853 2261 positione
887 2175 950 2242 loci
982 2193 1097 2244 sermo
1121 2175 1178 2240 liat
1211 2175 1260 2260 (lll
1286 2177 1359 2252 347,
1394 2177 1464 2259 12);
1495 2178 1553 2260 τὴν
1576 2178 1668 2242 θέσιν

330 2313 459 2388 πρῶτον
483 2306 562 2386 ἔφην
585 2303 670 2367 κατὰ
693 2303 766 2366 τδν
794 2303 980 2385 οὐρανὸν
1010 2301 1084 2364 καῖ
1115 2277 1225 2365 κατὰ
1254 2301 1330 2376 τὰς
1359 2303 1472 2384 ὥρας
1495 2302 1560 2364 δεῖν
1583 2302 1668 2384 dew-

331 2439 407 2514 ρεῖν.
431 2429 606 2512 θεωρεῖται
629 2429 664 2492 δὲ
687 2430 708 2510 ἢ
732 2427 816 2491 κατὰ
847 2427 939 2510 ψύξιν
962 2421 982 2509 ἢ
1007 2424 1091 2490 κατὰ
1120 2427 1240 2510 δάλιμιν
1263 2429 1283 2510 ἢ
1308 2425 1380 2489 κατ’
1397 2427 1500 2509 ἀχλὺν
1529 2429 1550 2509 ἢ
1584 2426 1668 2491 κατὰ

332 2555 543 2638 καθαρότητα
574 2556 594 2636 ἢ
628 2553 713 2616 κατὰ
745 2553 960 2635 εὐαρμοστίαν
992 2558 1107 2614 ποσῶν
1139 2558 1205 2616 τῶν
1239 2551 1342 2634 ὡρῶν,
1382 2551 1530 2616 similiter
1569 2551 1667 2616 etiam
1710 2550 1713 2555 ’

333 2669 568 2761 Quintilian.
593 2677 665 2744 inst.
689 2693 739 2744 or.
762 2675 796 2752 lll
813 2679 840 2754 7,
866 2678 924 2742 27:
953 2684 1022 2755 „est
1043 2682 1074 2742 et
1094 2675 1248 2742 locorum
1273 2676 1388 2761 (laus),
1411 2677 1519 2758 qualis
1539 2675 1669 2742 Siciliae

333 2803 422 2887 apud
449 2802 657 2879 Ciceronem,
687 2803 721 2866 in
748 2802 870 2886 quibus
890 2800 1038 2868 similiter
1064 2801 1210 2886 speciem
1239 2805 1270 2866 et
1298 2801 1467 2867 utilitatem
1494 2802 1669 2876 intuemur,

333 2929 479 3012 speciem
494 2927 676 3004 maritimis,
688 2927 805 3010 planis,
816 2927 981 3004 amoenis,
994 2925 1163 2991 utilitatem
1175 2925 1234 2991 sal
1246 2927 1423 3005 ubribus,
1435 2925 1669 2993 fertilibus&

349 3063 351 3066 ’
441 3051 663 3119 Menandrum
691 3053 787 3134 igitur
811 3052 915 3118 secuti
936 3052 1048 3134 priore
1069 3051 1169 3117 buius
1189 3052 1306 3134 capitis
1327 3059 1419 3135 parte
1440 3051 1480 3117 de
1500 3053 1548 3118 eis
1568 3053 1670 3133 scrip-

323 3183 718 3272 torum-poetarumque
752 3175 835 3267 locis
869 3191 1020 3259 agamus
1053 3176 1174 3257 quibus
1207 3177 1384 3242 salubritas
1417 3175 1545 3246 Romae
1580 3177 1670 3243 urbis

335 3303 550 3386 praedicatur.
588 3299 805 3384 Quamquam
828 3306 938 3370 autern
959 3300 1000 3366 ab
1022 3300 1188 3366 hocloco
1210 3299 1352 3370 Romam
1375 3319 1477 3368 nemo
1498 3302 1565 3369 lere
1584 3305 1671 3369 veris

334 3425 487 3496 laudibus
513 3444 634 3493 ornare
656 3432 795 3510 poterat,
820 3425 911 3508 quod
934 3413 1061 3508 'quanta
1086 3426 1298 3518 intemperies
1323 3434 1354 3491 et
1380 3427 1563 3508 pestilentia
1589 3427 1669 3493 caeli

332 3553 364 3617 in
385 3551 527 3618 collibus
542 3550 670 3621 Romae
687 3557 776 3617 esset
796 3551 879 3617 inter
893 3568 1015 3643 omnes
1035 3551 1254 3648 constabatll,
1273 3557 1385 3616 tamen
1407 3569 1425 3616 a
1441 3551 1670 3619 laudatoribus

333 3677 431 3752 urbis,
456 3675 553 3760 quod
575 3676 690 3743 urbem
712 3656 810 3742 etiam
832 3694 851 3740 a
870 3649 1063 3741 salubritate
1088 3675 1319 3742 celebrandam
1341 3693 1415 3742 esse
1441 3695 1460 3742 a
1481 3677 1671 3743 rhetoribus

334 3800 598 3885 praecipiebatur
617 3800 846 3885 (cllllenand.
868 3799 900 3866 lll
921 3773 995 3877 431,
1016 3801 1051 3866 2:
1079 3801 1095 3884 (
1099 3802 1276 3874 ἐπαινέσεις
1298 3803 1356 3884 τὴν
1379 3803 1491 3886 πόλιν)
1518 3802 1581 3865 ἀπὸ
1604 3812 1671 3867 τῶν

332 3928 447 4010 ἀέρων,
468 3927 541 4003 383,
565 3919 620 3991 li:
649 3928 681 3990 ἒν
700 3927 735 3990 δὲ
754 3933 801 4008 τῷ
822 3926 905 3989 κατὰ
924 3926 999 4000 τοὺς
1018 3927 1114 4009 ἀέρος
1142 3926 1159 4008 (
1162 3927 1334 4010 ἐκφράσεις
1336 3927 1363 4010 ),
1390 3929 1446 4016 ὅτι
1464 3929 1671 4010 ὑγιεινῶς
1694 3893 1711 4030 Ι(

333 4053 418 4134 ἔχει
436 4052 474 4134 (ὁ
488 4052 638 4134 τόσσῃ),
660 4068 917 4132 nonnumquam
935 4050 1040 4117 colles
1056 4050 1147 4116 urbis
1162 4051 1404 4146 saluberrimos
1420 4069 1494 4118 esse
1510 4053 1669 4134 scriptum

334 4185 391 4241 est.
420 4175 527 4258 Atque
547 4175 713 4241 Cicero
732 4176 765 4239 in
787 4175 884 4240 laude
900 4174 1086 4241 conditoris
1107 4176 1198 4258 urbis
1214 4174 1269 4260 (de
1286 4194 1352 4259 rep.
1369 4175 1390 4240 ll
1405 4179 1433 4253 2,
1453 4180 1473 4241 4
1492 4178 1564 4260 sq.),
1584 4195 1670 4260 quae

334 4304 544 4383 quantopere
565 4319 605 4364 cn
627 4301 791 4367 rhetorica
811 4307 879 4365 arte
901 4299 1052 4383 pendeat,
1073 4299 1155 4366 inira
1175 4302 1220 4384 (p.
1240 4303 1281 4367 til
1295 4302 1359 4383 sq.)
1380 4300 1671 4386 demonstrabitur,

443 4503 464 4570 1)
492 4507 742 4576 Schwegler:
771 4507 852 4563 Rom.
877 4507 1045 4572 Gesclriclrte
1066 4509 1074 4560 l
1095 4477 1123 4574 p
1143 4509 1207 4573 454,
1228 4509 1254 4561 7.
1294 4509 1364 4561 Vide
1385 4509 1472 4560 etiam
1493 4509 1562 4562 baec
1583 4509 1671 4562 verba

335 4596 557 4662 Friedlaenderi,
581 4597 838 4664 Sittengescbiclnte
859 4597 927 4650 139:
950 4596 1022 4663 „Die
1040 4597 1258 4666 Ungesnndheit
1270 4599 1317 4650 der
1336 4599 1410 4666 Lage
1428 4593 1515 4655 Roms
1535 4599 1572 4651 ist
1591 4599 1672 4651 welt-

334 4683 481 4740 bekannt‘
513 4689 541 4740 et
561 4681 815 4740 Mommseni:
847 4687 929 4744 Rom.
953 4686 1122 4742 Geschiclrte
1143 4679 1175 4742 1⁸
1196 4701 1223 4754 p.
1244 4689 1294 4754 45;
1324 4688 1352 4740 id
1372 4689 1449 4754 quod
1472 4687 1593 4746 Romani
1618 4687 1670 4754 ipsi
