3664 5512
178 531 512 600 Prudentiusin
538 532 664 615 Symm.
685 530 706 597 ll
731 533 810 597 604:

286 657 549 741 „Romanosque
574 633 696 722 omnes
719 655 799 732 lieri,
824 634 913 737 quos
936 653 1116 723 Rhenus
1140 661 1173 720 et
1197 653 1327 730 lster,

284 800 373 867 quos
396 781 542 866 Tagus
568 781 736 859 aurifluus,
759 797 849 863 quos
874 770 1018 862 magnus
1043 778 1181 844 inundat
1206 776 1419 855 Hiberus,
1464 805 1466 812 ·

285 907 441 990 corniger
466 905 687 989 lles'peridum
713 921 802 989 quos
827 904 1031 970 interlabitur
1055 912 1086 969 et
1110 920 1199 986 quos

256 1103 259 1112 ,
286 1031 467 1128 Ganges
491 1032 547 1097 alit
570 1031 739 1115 tepidique
764 1031 874 1096 lavant
896 1037 1025 1112 septem
1052 1027 1193 1126 osliaJN
1205 1029 1212 1092 i
1226 1029 1282 1093 li.“
1331 1099 1332 1102 Ἴ

178 1157 328 1224 Sidon.
357 1156 500 1239 Apoll.
531 1174 558 1221 c.
589 1156 617 1232 2,
648 1159 713 1222 440
743 1155 916 1238 sputum
947 1153 1032 1219 lines
1064 1141 1189 1236 pristini
1222 1153 1359 1235 imperii,
1390 1152 1511 1235 quibus

179 1281 322 1351 Romani
349 1290 470 1365 poetae
495 1288 602 1348 aetate
627 1280 744 1347 cedere
762 1281 868 1346 coacti
884 1286 986 1356 erant,
1011 1277 1242 1344 describuntur
1258 1252 1308 1342 his
1329 1275 1509 1360 versibusl:

394 1407 545 1490 ‚,(venio)
640 1422 709 1472 non
740 1412 774 1471 ut
798 1379 877 1470 mihi
904 1421 1042 1487 pressus
1066 1403 1236 1469 Araxes

393 1531 554 1615 imposito
579 1530 642 1597 sub
668 1537 770 1614 ponte
794 1529 876 1595 fluat
900 1547 961 1594 nec
985 1535 1019 1594 ut
1044 1505 1167 1594 ordine
1187 1527 1300 1610 prisco

164 1673 165 1685 ¹
280 1644 282 1650 ’
394 1655 523 1722 indicus
547 1656 699 1723 Ausonia
725 1654 857 1738 potetur
882 1653 1011 1720 casside
1037 1627 1248 1736 (ianges“

181 1780 269 1848 ldem
295 1787 396 1864 poeta
420 1780 561 1847 similem
587 1781 784 1847 sententiam
811 1777 965 1862 exprimit
987 1778 1028 1861 (c.
1054 1780 1082 1854 l,
1108 1762 1180 1862 lehi

290 1905 467 1990 „indorum
493 1904 693 1990 Ganges,
717 1904 925 1972 Colchorum
952 1889 1133 1980 Phasis,
1158 1883 1331 1995 Araxes

283 2031 473 2108 Armeniae,
498 2029 585 2097 Ger
608 2030 812 2112 Aethiopum
838 2027 1098 2110 Tanaisque
1123 2024 1286 2094 Getarum

287 2152 492 2239 Thybrinum
517 2162 684 2221 tremuere
706 2155 901 2237 ,meum.“1)·

183 2279 256 2347 lluc
298 2282 396 2347 etiam
432 2280 596 2362 pertinent
634 2279 665 2344 hi
699 2281 895 2362 scriptores:
939 2276 1168 2369 Aristides
1200 2275 1305 2342 XXVl
1338 2279 1395 2344 82:
1438 2279 1515 2342 ὅσον

178 2407 355 2482 Αἰθιοπίας
377 2406 415 2470 τὸ
440 2405 669 2485 ἐποικούμενον
704 2405 759 2467 καὶ
781 2405 920 2478 Φᾶσις
944 2401 1083 2468 e'ude'ude'
1106 2399 1160 2464 καὶ
1182 2401 1416 2485 Εὐφράτης
1449 2404 1516 2465 ἅνω

182 2528 237 2596 καὶ
269 2531 350 2615 πρὸς
382 2532 528 2612 ἑσπέραν.
580 2526 1081 2618 Panegyr.Lat.X16,6:
1110 2526 1237 2605 „Vobis
1273 2525 1452 2596 Rhenus
1485 2533 1516 2592 et
1558 2605 1559 2608 Ἴ

185 2654 339 2743 llister
372 2661 402 2721 et
427 2652 556 2720 Nilus
581 2660 711 2719 etcum
738 2655 874 2738 gemino
900 2651 1050 2736 Tigris
1075 2650 1297 2730 Eufrate“;
1331 2649 1516 2716 Tacitus
1571 2665 1577 2674 ·

184 2780 220 2845 A.
245 2779 253 2846 l
278 2783 312 2846 9:
354 2771 482 2858 „mari
519 2758 704 2848 Oceano
742 2785 799 2870 aut
838 2778 1001 2844 amnibus
1036 2777 1228 2860 longinquis
1264 2783 1417 2858 saeptum
1458 2777 1529 2841 ἰηιι

185 2906 345 2988 perium“,
376 2905 437 2988 qui
457 2904 636 2972 historicus
661 2904 712 2970 his
737 2904 846 2969 verbis
870 2902 970 2968 alium
996 2917 1133 2983 quoque
1159 2901 1271 2967 locum
1297 2903 1515 2966 communem

165 3030 294 3114 tangit,
318 3031 373 3112 qui
399 3028 628 3095 laudatoribus
653 3017 780 3110 imperii
807 3025 948 3095 Romani
975 3026 1173 3108 saepissime
1204 3033 1280 3090 ante
1304 3001 1516 3098 oculosluit.
1561 3091 1562 3094 ,

293 3152 425 3220 Praeter
456 3152 632 3218 lluminum
667 3153 754 3217 enim
790 3151 930 3217 nomina
964 3156 1086 3232 poetae
1125 3154 1157 3214 et
1178 3133 1435 3217 ¹declamatores
1472 3148 1514 3214 ad

185 3279 345 3345 ambitum
371 3278 499 3360 imperii
524 3276 777 3361 significandum
804 3277 902 3341 etiam
928 3264 1157 3341 Oceanum
1183 3280 1324 3357 ponunt,
1348 3291 1448 3356 quem
1475 3274 1518 3339 ab

185 3403 359 3470 occidente
384 3403 560 3484 imperium
585 3403 763 3468 terminare
797 3402 846 3466 vel
871 3396 980 3466 totum
1005 3391 1172 3466 includere
1202 3399 1252 3465 vel
1278 3404 1518 3483 exaggerantes
1589 3393 1590 3396 ’

186 3501 299 3594 medio
325 3528 355 3593 in
377 3529 524 3609 imperio
550 3543 625 3592 esse
650 3523 893 3610 contendunt)
927 3524 1045 3591 crebro
1077 3542 1116 3589 ea
1142 3524 1312 3590 rhetorum
1339 3529 1518 3605 praecepta

186 3652 298 3729 secuti,
336 3625 422 3735 quae
460 3650 491 3716 in
531 3650 707 3717 Alexandri
747 3650 912 3717 encomiis
951 3649 1079 3714 exculta
1114 3665 1188 3714 esse
1222 3648 1418 3714 invenimus.
1468 3643 1518 3715 De

186 3775 376 3842 Alexandro
401 3777 499 3853 enim,
532 3777 626 3842 cuius
650 3775 736 3841 iacta
761 3777 791 3841 iu
815 3773 941 3840 scholis
965 3773 1213 3839 declamatoriis
1245 3771 1419 3838 decantata
1444 3789 1546 3839 esse.

186 3901 355 3984 constan),
388 3907 494 3966 exstat
527 3901 682 3968 suasoria
705 3887 907 3966 Senecae
933 3899 1089 3981 inscripta
1112 3897 1217 3981 (suas.
1245 3898 1290 3982 l):
1329 3873 1521 3976 ,Deliberat

294 4084 316 4151 1)
337 4090 406 4144 Vide
424 4081 536 4158 quoque
556 4091 664 4144 Stati
677 4065 733 4141 um
753 4089 816 4142 silv.
830 4091 854 4143 V
866 4090 892 4154 2,
911 4087 1064 4153 132-142,
1079 4087 1127 4139 ubi
1145 4087 1269 4152 Rhenus,
1289 4085 1395 4152 Hister,
1412 4087 1519 4138 Araxes

187 4179 351 4233 intestines
372 4179 482 4246 imperii
505 4178 626 4237 Romani
646 4179 819 4232 afferuntur.
865 4199 868 4204 ·

294 4283 317 4351 2)
338 4265 422 4339 Dicit¹
442 4288 540 4338 autem
570 4288 604 4339 de
634 4287 686 4340 hoc
717 4287 776 4338 luco
808 4285 1051 4350 Friedlaenderus,
1087 4284 1143 4336 loh.
1178 4282 1309 4336 Gazensis
1338 4282 1468 4334 et‘Paul.
1492 4281 1519 4347 S,

189 4388 216 4442 p.
236 4375 304 4429 268:
327 4374 512 4450 „DerOcean
534 4375 570 4427 ist
589 4375 644 4428 seit
658 4376 770 4444 langem
792 4389 840 4427 zur
858 4376 1039 4442 Vorstellung
1055 4374 1104 4425 der
1120 4370 1359 4425 Weltherrschalt
1375 4368 1519 4440 gehiirig.“

213 4479 215 4484 ’
296 4481 316 4550 ³)
337 4482 373 4536 ct.
399 4481 567 4544 Quintilian.
588 4481 654 4535 inst.
676 4496 715 4534 or.
741 4483 782 4534 lll
801 4482 829 4546 8,
853 4481 898 4534 16:
921 4481 1104 4547 „coniectura
1129 4480 1186 4533 est:
1302 4491 1337 4529 an
1359 4477 1521 4530 Alexander

190 4574 280 4626 terras
300 4572 376 4625 ultra
397 4571 542 4624 Oceanum
570 4571 608 4624 sit
637 4568 842 4636 inventurus“;
874 4570 971 4624 Senec.
991 4584 1066 4624 suas
1088 4570 1119 4635 4·,
1148 4569 1234 4622 Cicer.
1264 4568 1390 4620 deorat.
1412 4566 1521 4632 11341;

189 4662 265 4714 auct.
287 4662 322 4714 ad
345 4659 411 4714 ller.
438 4660 475 4714 lV
493 4661 528 4713 22
547 4655 621 4732 (31);
641 4659 775 4712 Menand.
802 4659 928 4724 111388,
950 4661 975 4712 6.

1398 4747 1415 4798 8
