3664 5512
237 304 239 312 '
300 299 361 364 124

291 509 381 581 idem
405 511 434 576 b.
459 507 562 576 Goth.
587 511 648 578 54:

453 635 552 714 „urbs
577 639 771 718 aequata
797 635 935 716 pol0.“

399 794 472 862 lluc
496 795 646 878 quodam
672 795 779 863 modo
811 802 939 878 spectat
971 795 1053 860 baec
1085 810 1222 876 quoque
1248 791 1383 862 Rutili
1411 794 1624 878 praedicatio

291 939 357 1004 qua
381 919 444 986 dea
470 919 579 989 Roma
603 920 788 988 celebratur
814 878 837 1002 (l
863 919 934 1003 48):
1134 1004 1136 1008 Ι

286 1015 288 1019 ’
453 1044 558 1123 „inter
581 1022 734 1111 sidereos
759 1043 868 1114 Roma
894 1011 1078 1126 recepta
1104 1043 1270 1126 polos“

325 1226 345 1260 ·-
399 1203 446 1272 Ex
470 1205 631 1272 omnibus
655 1205 714 1282 bis,
739 1179 823 1288 quae
850 1205 1131 1286 perlustravimus,
1156 1203 1318 1286 exemplis
1343 1211 1482 1286 apparet
1506 1211 1624 1287 poetas

290 1301 552 1414 scriptoresque*
573 1328 613 1395 ad
648 1329 900 1412 amplitudinem
937 1327 1064 1411 imperii
1088 1327 1242 1399 ’Romani
1272 1326 1526 1412 describendam
1551 1336 1637 1397 sae·

292 1455 430 1537 pissime
454 1472 537 1522 usos
561 1429 645 1522 esse
662 1456 745 1521 locis
769 1454 1018 1532 communibus
1043 1454 1098 1540 qui
1123 1453 1271 1519 similiter
1295 1454 1360 1520 iam
1385 1453 1427 1519 ab
1448 1453 1623 1520 Alexandri

291 1578 522 1646 laudatoribus
546 1578 681 1646 adhibiti
707 1580 738 1645 in
763 1579 882 1646 schola
906 1577 1146 1666 declamatoria
1170 1550 1317 1660 expressi
1343 1578 1494 1644 videntur
1512 1577 1624 1646 luisse.

545 1771 687 1858 ¹bl-De
720 1774 1134 1841 administratione
1157 1745 1358 1855 imperii.

318 1904 321 1910 ’
358 1972 361 1993 Ι
396 1898 461 1966 Sed
487 1906 617 1982 praeter
642 1898 903 1982 magnitudinem
936 1898 1199 1980 ascriptoribus
1229 1899 1406 1981 imperium
1433 1897 1645 1996 Romanum-

292 2024 534 2092 celebrantibus
545 2025 644 2090 etiam
656 2023 899 2089 administratio
912 2024 983 2089 eius
994 2021 1279 2088 crebrolaudibus
1290 2028 1522 2089 exornataest.
1545 2021 1625 2106 Qua

291 2150 323 2216 in
336 2148 433 2216 laude
445 2149 556 2216 locum
570 2147 771 2215 rhetoricum
791 2147 1037 2230 ἐκιιηὸεύσεων,
1056 2145 1096 2212 de
1114 2163 1184 2230 quo
1204 2165 1311 2229 pauca
1329 2145 1438 2212 adhuc
1456 2147 1625 2214 attulimus
1667 2232 1669 2242 Ι

291 2273 344 2359 (ci.
368 2291 471 2356 supra
495 2292 525 2357 p.
550 2273 592 2338 78
616 2273 683 2356 sq.)
706 2273 816 2354 magni
847 2253 1010 2348 momenti
1037 2289 1113 2338 esse
1133 2271 1370 2354 intellegemus.
1410 2271 1516 2355 Quod
1535 2273 1623 2339 enim

291 2396 526 2466 Menandei'de
538 2397 604 2463 hoc
615 2395 670 2460 ἀπ’
683 2373 917 2488 ἐπιιηόεόσεων
936 2396 1014 2462 loco
1031 2394 1130 2462 docet
1147 2395 1196 2478 (lli
1208 2398 1282 2474 384,
1293 2390 1368 2480 20):
1388 2395 1626 2480 ἐπιτηδεύματα

290 2524 352 2608 γάρ
362 2523 449 2588 ἐστιν
460 2525 590 2598 ἔνδειξις
601 2529 659 2587 τοῦ
667 2523 770 2605 ἤθους
787 2523 841 2585 καὶ
860 2529 917 2604 τῆς
933 2523 1152 2604 προαιρέσεως
1169 2529 1234 2586 τῶν
1252 2520 1375 2604 ἀνδρῶν
1390 2525 1463 2588 ἄνευ
1478 2524 1625 2612 πράξεων

143 2627 164 2647 ⁵
196 2639 197 2644 ¹
230 2705 233 2710 .
292 2647 527 2731 ἀγωνιστικῶν.
576 2647 657 2728 ἐρεῖς
682 2647 736 2710 οὖν
760 2650 809 2712 ότι
842 2647 922 2729 πρὸς
954 2647 1029 2720 τοὺς
1058 2649 1167 2720 ξένους
1191 2645 1430 2728 φιλάνθρωπος,
1464 2650 1514 2712 ότι
1545 2648 1625 2728 πρὸς

231 2775 233 2778 ’
293 2773 332 2836 τὰ
357 2771 538 2856 συμβόλαια
561 2773 706 2855 νόμιμος,
732 2775 780 2836 ὅτι
804 2771 880 2854 μεθ’
906 2771 1056 2853 ὁμονοίας
1080 2777 1280 2835 συνοικοῦσιν
1305 2769 1466 2854 ἀλλήλοις,
1498 2771 1553 2836 καὶ
1576 2775 1624 2836 ότι

273 2899 397 2962 Ιὁποῖοι
420 2887 500 2980 πρός
524 2895 692 2980 ἀλλήλους,
717 2904 859 2998 τοιοῦκοι
884 2897 938 2960 καὶ
961 2899 1041 2978 πρὸς
1064 2896 1139 2970 τοὺς
1163 2896 1297 2971 ἔξωθεν,
1333 2896 1399 2962 hoc
1430 2895 1470 2963 ad
1496 2873 1624 2979 imperii

292 3039 428 3106 quoque
455 3019 595 3090 Romani
621 3021 943 3087 administrationem
970 3019 1088 3112 reterri
1106 2991 1227 3103 potest.

106 3180 263 3296 ¹³2⁰¹¹⁰2¹⁸¹¹1j
399 3182 506 3265 Atque
532 3183 675 3264 primum
702 3179 836 3264 quidem
862 3186 1042 3246 tractemus
1058 3197 1116 3246 eas
1132 3179 1351 3258 laudationes,
1375 3182 1497 3266 quibus
1518 3180 1626 3250 Roma

105 3262 247 3308 clerum
293 3307 341 3374 vel
369 3305 553 3376 Romani
580 3307 886 3389 utprincipes
918 3306 1033 3370 tanti
1069 3306 1250 3388 imperii
1285 3306 1358 3383 elati
1392 3313 1479 3372 sunt.
1526 3304 1625 3388 Quae

292 3431 408 3499 laudes
432 3449 534 3514 saepe
559 3431 767 3516 brevioribus
798 3431 962 3513 appositis
994 3430 1193 3496 ornantibus
1218 3436 1398 3514 expressae
1422 3438 1508 3507 sunt,
1541 3447 1626 3514 quas

234 3610 237 3616 .
292 3564 349 3622 aut
381 3575 421 3623 ex
455 3558 528 3638 ipsa
551 3539 824 3623 declamatorum
859 3555 977 3621 sclrola
1011 3555 1198 3637 sumptas1)
1232 3546 1394 3628 esse'aut
1426 3554 1625 3640 allergilio‚

293 3679 444 3758 Horatio,
469 3678 594 3748 Ovidio
619 3681 691 3746 aliis
713 3679 808 3746 fictas
832 3681 896 3744 vim
922 3679 1089 3745 formulae
1122 3678 1262 3762 adeptas
1291 3687 1323 3746 et
1347 3698 1366 3746 a
1392 3681 1500 3763 poetis
1524 3681 1626 3763 scrip-

291 3806 487 3889 toribusque
513 3805 753 3871 recentioribus
777 3805 921 3870 vicissim
949 3811 1126 3888 usurpatas
1148 3792 1226 3870 ¹esse
1250 3819 1510 3888 cognoscemus.

400 3964 541 4034 Romam
569 3967 664 4048 igitur
688 3983 707 4030 a
732 3964 951 4047 scriptoribus
976 3967 1175 4047 saepissime
1199 3963 1483 4049 caput‘totius
1509 3965 1625 4034 orbis

205 4113 206 4118 ¹
293 4091 493 4174 appellatam
537 4108 620 4167 esse,
663 4108 762 4173 quem
807 4088 1010 4156 laudationis
1045 4091 1157 4173 locum
1199 4090 1302 4173 paulo
1342 4091 1476 4156 uberius
1510 4095 1627 4156 tractat

291 4215 451 4282 Aristides
477 4216 527 4281 his
551 4214 659 4280 verbis
683 4214 770 4297 (61):
805 4217 883 4297 ὅπερ
916 4217 951 4279 δὲ
975 4216 1067 4292 πόλις
1090 4226 1158 4292 τοῖς
1183 4217 1281 4297 αὐτῆς
1306 4217 1404 4298 ὁρίοις
1428 4215 1483 4278 καὶ
1506 4213 1626 4299 χώραις

293 4340 389 4414 ἐστίν,
415 4339 507 4404 τοῦθ’
531 4341 633 4424 rideri
657 4339 749 4414 πόλις
772 4346 813 4422 τῇ
836 4341 925 4424 πάσῃ
950 4341 1132 4425 οἰκουμένῃ,
1160 4342 1269 4424 ὥσπερ
1294 4342 1392 4422 αὐτῆς
1415 4342 1497 4404 ἄστυ
1521 4339 1626 4404 κοινὸν

304 4559 306 4564 ’
399 4547 420 4612 1)
440 4547 601 4600 Memineris
623 4559 727 4615 quaeso
749 4507 966 4615 praeceptorum
988 4545 1174 4615 Hermogenis
1195 4561 1221 4614 p.
1246 4548 1287 4612 15,
1307 4546 1325 4599 6
1352 4548 1382 4599 et
1402 4545 1512 4599 Nicolai
1539 4559 1627 4619 supra

291 4640 331 4708 (p.
352 4634 382 4700 t)
402 4638 566 4705 allatorum,
587 4637 614 4690 in
636 4635 739 4708 qulbus
760 4625 923 4712 ἐγκώμιον
948 4626 1002 4692 καὶ
1022 4627 1150 4703 ἔπαινος
1174 4637 1385 4692 discernuntur.
