3664 5512
1435 313 1491 377 101

168 522 250 606 ἀρχή
284 544 319 586 τε
353 522 485 605 οὐδεμία
517 521 663 605 προῆλθέ
698 545 751 586 πω
787 523 881 605 μέχρι
919 531 972 588 νῦν
1005 523 1037 596 ἐς
1073 498 1210 587 τοσοῦτο
1245 524 1406 607 μεγέθους
1443 521 1498 587 καὶ

167 647 294 730 χρόνου.
357 649 430 710 ούτε
467 646 528 730 γὰρ
567 646 606 712 τὰ
644 646 917 729 Ἑλλήνων...
957 650 985 713 9.
1023 647 1258 732 Ἀσσυρίων
1296 671 1330 712 τε
1368 649 1409 714 αδ
1443 647 1498 713 καὶ

166 772 324 855 Μήδων
356 769 411 835 καὶ
440 772 479 834 H
486 781 644 854 ερσῶν,
679 779 775 855 τριῶν
809 773 909 836 τῶνδε
932 773 1095 856 μεγίστων
1118 775 1298 856 ἡγεμονιῶν
1331 773 1363 849 ἐς
1387 768 1498 848 Ἀλέ-

168 897 355 980 ξανδρον
378 895 432 960 τόν
454 894 626 971 Φιλίππου,
666 897 901 979 συντιθεμένων
924 895 992 961 οὔτ’
1016 897 1055 960 ἂν
1079 899 1097 961 ὁ
1118 898 1233 981 χρόνος
1257 897 1402 981 ἐφίκοιτο
1435 906 1499 963 τῶν

170 1020 346 1085 ἐνακοσίων
370 1024 461 1096 ἐτῶν,
492 1025 553 1085 ὅσα
581 1020 650 1085 ἐστὶ
674 1020 911 1104 Ῥωμαίοις
936 1022 968 1098 ἐς
992 1022 1046 1086 τόν
1069 1022 1212 1106 παρόντα
1244 1023 1369 1106 χρόνον,
1403 1024 1441 1089 τό
1464 1048 1499 1088 τε

168 1146 309 1230 μέγεθος
342 1153 398 1228 τῆς
431 1145 532 1231 ἀρχῆς
573 1153 641 1228 τῆςΙ
671 1144 801 1232 ἐκείνων
842 1146 916 1210 odda*
959 1148 991 1222 ἐς
1022 1149 1122 1229 ἥμισυ
1153 1146 1275 1230 νομίζω
1312 1149 1410 1229 τῆσδε
1442 1156 1516 1231 τῆς·

135 1304 137 1308 ·
169 1269 341 1355 ἡγεμονίας
374 1269 591 1336 ἀπαντᾶν...
642 1273 690 1336 10.
723 1269 830 1335 τὰδὲ
863 1272 902 1354 δὴ
924 1271 1256 1336 Μακεδόνων...
1283 1271 1500 1337 ἐπὶ...Ἀλε-

169 1397 305 1480 ξάνδρου
319 1396 452 1480 μεγέθει
465 1420 500 1459 τε
514 1395 569 1460 καὶ
592 1397 710 1479 πλήθει
734 1395 789 1460 καὶ
813 1394 943 1480 εὐτυχίᾳ
968 1393 1022 1460 καὶ
1046 1396 1220 1480 ταχυεργίᾳ
1248 1397 1457 1480 διαλάμψασα
1479 1399 1499 1480 ἡ

170 1519 299 1606 ἀρχή,
334 1519 388 1584 καὶ
421 1520 532 1605 ὀλίγον
564 1523 630 1586 δεῖν
662 1523 694 1599 ἐς
727 1525 858 1606 ἄπειρον
891 1520 944 1585 καὶ
978 1521 1138 1604 ἀμίμητον
1171 1523 1324 1597 ἐλθοῦσα,
1358 1523 1410 1588 διὰ
1443 1526 1501 1608 τὴν

170 1645 357 1736 βραχύτητα
381 1654 440 1710 τού
461 1646 577 1730 χρόνου
609 1648 799 1729 προσέοικεν
826 1646 977 1731 ἀστραπῇ
1001 1646 1141 1731 λαμπρᾷ.

278 1768 441 1837 Omnium
457 1777 577 1837 autem
603 1772 768 1838 uberrime
785 1773 921 1855 pristina
937 1786 1038 1856 regna
1063 1780 1095 1838 et
1115 1773 1292 1856 imperium
1309 1772 1499 1842 Romanum

172 1897 255 1962 inter
278 1911 315 1962 se
339 1903 516 1979 comparat
540 1869 778 1964 Aristides.
827 1895 894 1979 Qui
921 1898 1035 1964 rhetor
1062 1910 1200 1979 regnum
1227 1895 1403 1963 Persarum
1437 1897 1501 1981 (or.

171 2018 276 2088 XXVI
291 2023 432 2100 15—23)
444 2022 690 2105 imperiumque
700 2021 876 2094 Alexandri
888 2023 1049 2105 (24-27)
1069 2023 1215 2106 opponit
1225 2023 1367 2104 imperio
1381 2021 1501 2091 Roma-

140 2173 143 2178 ·
173 2161 305 2223 norum,
338 2144 379 2214 de
412 2163 482 2228 quo
516 2146 591 2212 dicii
623 2134 709 2231 (28):
744 2147 893 2230 ἐκφεύγει
926 2149 961 2211 δὲ
990 2149 1072 2229 ὑμᾶς
1100 2148 1202 2221 οὐδέν,
1237 2148 1274 2211 ού
1305 2146 1408 2223 πόλις,
1442 2149 1502 2210 ούκ

172 2271 276 2345 ἔθνος,
309 2276 340 2336 et
363 2272 525 2355 (ro—47)
557 2273 703 2338 civitates
736 2270 946 2338 Graecorum
981 2271 1243 2350 Atheniensium,
1277 2271 1502 2339 Lacedaemo·

170 2397 315 2473 nimum,
343 2394 582 2472 Thebanorum
624 2395 754 2462 confert
795 2414 869 2461 curn
903 2397 1046 2478 imperio
1081 2394 1238 2464 Romano
1271 2395 1325 2480 (ci.
1350 2398 1408 2462 40:
1443 2398 1503 2481 οὐχ

171 2520 216 2596 ὡς
241 2521 295 2584 ἴσα
320 2523 400 2594 ἴσοις
423 2520 640 2603 παραβάλλων
662 2520 770 2603 δίειμι,
795 2519 865 2585 ἀλλ’
890 2522 949 2584 οὐκ
974 2523 1074 2585 όντων
1098 2522 1216 2605 ἑτέρων
1232 2500 1503 2606 παραδειγμάτων

171 2645 394 2729 ἀναγκάζομαι
419 2655 486 2721 τοῖς
510 2647 581 2710 ούσι
604 2647 808 2730 χρῆσθαι...
843 2647 902 2709 οὐκ
926 2648 1012 2710 ἐστιν
1036 2646 1137 2730 εὑρεῖν
1171 2649 1225 2710 ἴσα
1249 2655 1316 2720 τοῖς
1338 2647 1503 2729 ὑμετέροις

171 2772 266 2855 ἕτερα
284 2771 352 2834 οὐδ’
378 2770 484 2854 ἐγγύς,
519 2770 601 2836 ἀλλὰ
624 2771 728 2837 πάντα
760 2771 822 2834 ύπδ
847 2770 970 2834 τούτων
986 2765 1267 2855 ἀποκρύπτεται),
1303 2777 1333 2836 et
1366 2771 1506 2837 breviter

173 2893 256 2962 redit
288 2894 329 2960 ad
364 2896 451 2961 hanc
485 2896 738 2962 contentionem
765 2897 851 2979 (91):
886 2897 919 2958 οἱ
949 2897 1007 2978 μὲν
1039 2897 1100 2978 γὰρ
1135 2895 1225 2959 ἄλλοι
1258 2897 1291 2959 οἱ
1321 2873 1383 2978 πρὸ
1416 2897 1506 2979 ὑμῶν

172 3019 444 3094 δυναστεύσαντες
476 3020 630 3084 δεσπόται
665 3018 719 3083 καὶ
752 3017 860 3083 δοῦλοι
893 3018 1042 3116 ἀλλήλων
1076 3021 1108 3084 ἐν
1132 3027 1179 3102 τῷ
1202 3022 1291 3102 μέρει
1323 3021 1505 3105 γιγνόμενοι

174 3143 230 3209 καὶ
253 3144 345 3209 νόθοι
368 3152 426 3228 τῆς
450 3143 551 3228 ἀρχῆς
576 3147 664 3220 ὄντες
688 3147 773 3209 ούτω
798 3145 977 3228 διεξῆλθον,
1004 3147 1113 3234 ὥσπερ
1138 3147 1171 3209 ἐν
1195 3147 1314 3228 σφαίρᾳ
1338 3146 1395 3228 τὴν
1418 3111 1507 3218 τάξιν

172 3270 501 3353 μεταλαμβάνοντες,Ι
528 3268 582 3333 καὶ
613 3270 803 3334 ἐδούλευσαν
841 3270 1100 3345 Μακεδόνες
1138 3271 1294 3354 Πέρσαις,
1335 3271 1507 3353 Πέρσαι

172 3394 309 3477 Μήδοις,
332 3396 476 3477 Μῆδοι
497 3395 667 3478 Σύροις·
694 3396 776 3473 διιᾷς
799 3396 834 3458 δὲ
859 3397 896 3458 ἐκ
920 3395 1077 3459 τοσούτου
1100 3396 1216 3470 πάντες
1241 3397 1356 3469 ἴσασιν,
1382 3397 1416 3468 ἐξ
1431 3397 1507 3458 δ’του

174 3543 235 3604 περ
260 3521 374 3594 ἴσασιν,
399 3523 565 3603 ἄρχοντας.

285 3643 377 3710 iiaec
392 3644 621 3727 componendi
638 3644 722 3710 ratio
735 3661 835 3726 quam
848 3629 993 3726 vulgaris
1006 3642 1112 3721 fuerit,
1128 3662 1167 3709 ex
1184 3644 1234 3709 iris
1250 3661 1386 3726 quoque
1406 3644 1508 3726 scrip-

176 3775 288 3836 torum
305 3768 397 3845 iocis,
421 3769 542 3852 quibus
566 3757 949 3851 imperiumnomanum
974 3769 1124 3835 similiter
1139 3747 1331 3846 celebratur,
1356 3776 1507 3851 apparet:

178 3892 307 3960 Piuta
320 3896 402 3958 ren.
429 3893 470 3959 de
493 3893 569 3961 fort.
587 3891 682 3962 Rom.
702 3895 766 3958 317
779 3891 815 3958 F:
841 3895 945 3969 οὕτως
960 3895 979 3977 ἦ
997 3893 1084 3978 Τύχη
1109 3894 1334 3958 καταλιποῦσα
1353 3894 1510 3977 Πέρσας

178 4017 234 4083 καὶ
257 4017 513 4102 Ἀσσυρίους
534 4009 817 4083 Μακεδονίαν
849 4020 907 4101 μὲν
941 4019 1063 4103 ἐλαφρὰ
1085 4019 1199 4100 διέπτη
1233 4017 1288 4083 καὶ
1312 4017 1510 4082 ἀπεσείσατο

180 4147 305 4228 ταχέως
329 4144 605 4228 Ἁλέξανδρον...-
627 4147 730 4220 οὕτως
754 4144 904 4226 εἰσῆλθεν
937 4145 982 4218 εἰς
1006 4143 1171 4226 Ῥώμην
1206 4145 1249 4218 ὡς
1281 4151 1423 4225 μενοῦσα
1456 4139 1511 4204 καὶ

179 4270 312 4353 τὀιαύτη
336 4269 489 4354 πάρεστιν
514 4270 558 4344 ὡς
582 4267 634 4333 ἐπὶ
648 4271 706 4354 τὴν
724 4269 827 4350 δίκην,
854 4269 952 4334 Aeni
966 4269 973 4333 i
987 4268 1003 4334 Ι.
1028 4267 1119 4334 Sur.
1152 4267 1269 4350 fragm.
1295 4265 1391 4350 (Hisi.
1417 4264 1511 4334 Rom.

180 4477 314 4531 Aristidis
335 4476 511 4544 temporibus
530 4479 599 4529 haec
619 4477 766 4530 contentio
786 4477 814 4528 in
834 4477 931 4529 schola
951 4475 1155 4528 declamatoria
1170 4476 1242 4527 adeo
1258 4473 1427 4541 pervulgata
1441 4472 1513 4536 erat,

180 4568 215 4620 ut
233 4568 343 4619 certum
363 4569 519 4633 auctorem,
530 4581 546 4617 a
568 4581 623 4633 quo
635 4567 775 4620 Aristides
786 4566 864 4618 iiiam
876 4566 1072 4619 laudationem
1084 4564 1193 4630 imperii
1216 4562 1337 4620 Romani
1348 4561 1511 4639 sumpserit,

180 4657 308 4718 statuere
329 4657 408 4717 licere
429 4669 571 4726 negemus.
