3664 5512
1441 341 1496 406 121

329 412 334 449 l

169 557 200 616 ei
223 525 472 619 Aristidem
492 554 546 618 10:
572 556 650 637 ὅπερ
670 555 733 636 γάρ
753 578 800 628 τις
824 553 885 636 ἔφη
914 562 980 617 τῶν
1003 553 1186 637 λογοποιῶν
1209 551 1281 637 περὶ
1305 561 1361 636 τῆς
1385 551 1501 630 Ἄσίας,

168 675 272 759 λέγων
304 679 383 761 ὅσην
416 679 434 742 ὁ
466 676 556 761 ἥλιος
588 678 769 762 πορεύεται,
802 677 922 773 ταύτης
955 679 1062 761 πάσης
1095 681 1204 762 ἄρχειν
1236 679 1335 762 ἄνδρα
1367 681 1422 742 ἕνα

167 809 264 866 τοῦτο
283 811 336 866 νῦν
355 802 537 885 ἐξενίκησεν
556 801 677 898 οἰληὺἑςι
702 802 791 877 εἶναι,
819 851 868 865 ...
889 805 946 886 τὴν
967 805 1042 886 ἴσηνΙ
1061 827 1105 867 τε
1129 801 1256 886 ἡλίου
1280 776 1465 886 πορείαν
1478 799 1501 883 ¹)

167 925 247 990 εἶναι
274 926 330 991 καὶ
358 934 472 1010 κτῆσιν
499 928 663 1012 ὑμετέραν
685 926 740 992 καί
763 928 819 992 τὸν
842 928 932 1011 ἥλιον
955 927 1008 991 διὰ
1031 934 1089 1009 τῆς
1112 927 1267 1011 ὑμετέρας
1294 927 1501 1010 πορεύεσθαι,

169 1050 272 1132 paulo
297 1051 390 1118 aliter
414 1050 503 1134 apud
530 1052 755 1118 Lucanum
776 1050 829 1117 Vll
854 1053 935 1118 423:

328 1174 448 1255 „llaud
475 1177 613 1242 multum
639 1183 746 1242 terrae
770 1177 914 1259 spatium
943 1177 1087 1244 restabat
1110 1193 1204 1252 eoae,

328 1308 362 1366 ut
385 1301 442 1366 tibi
468 1318 545 1378 nox,
569 1302 624 1368 tibi
651 1308 721 1369 tota
745 1281 823 1378 dies,
848 1303 904 1368 tibi
930 1308 1074 1368 curreret
1098 1301 1213 1404 aether

328 1427 574 1508 omniaque
598 1433 809 1492 errantes
834 1426 1000 1493 stellae
1027 1425 1180 1493 Romana
1204 1424 1421 1510 viderent.“²)

165 1568 315 1635 Senec.
338 1569 439 1652 epigr.
464 1571 515 1644 34,
540 1570 575 1633 3;

327 1691 479 1772 „Cernite
503 1699 657 1759 semotos
684 1693 774 1759 Latia
799 1687 861 1759 sub
888 1693 959 1778 lege
984 1677 1178 1760 Britannos!

431 1816 489 1884 Sol
515 1819 594 1885 citra
620 1825 772 1884 nostrum
797 1818 939 1884 flectitur
966 1819 1175 1902 imperium.“

146 1961 322 2047 Minue.
350 1960 428 2027 Fel.
454 1957 570 2027 Octax
594 1964 624 2038 o,
650 1963 688 2026 2:
722 1962 789 2040 „sic
819 1962 993 2045 imperium
1023 1979 1122 2028 snum
1140 1949 1232 2026 ultra
1261 1962 1345 2028 solis
1368 1963 1439 2027 vias

166 2087 396 2170 propagavit.“
908 2069 912 2079 ¹

281 2209 364 2293 Quo
405 2230 445 2281 ex
488 2212 567 2279 loco
615 2212 784 2279 rhetorico
831 2213 913 2280 haec
956 2230 1093 2296 quoque
1138 2209 1214 2280 ¹orta
1255 2191 1348 2280 sunt:
1399 2211 1503 2279 Stat.

172 2335 204 2402 S.
230 2334 238 2400 l
266 2339 292 2413 1,
326 2339 383 2403 94:
420 2336 519 2414 „dum
552 2335 840 2414 Romana,dies“;
876 2338 1065 2404 Martial.
1097 2336 1138 2404 lx
1170 2341 1196 2413 1,
1227 2341 1263 2404 9:
1300 2355 1395 2415 „cnm
1430 2336 1504 2404 sole

172 2467 204 2527 et
250 2461 346 2528 astris
401 2478 547 2545 cumque
604 2460 675 2527 luce
724 2460 909 2542 Romana“;
967 2461 1122 2547 Paneg.
1169 2448 1253 2529 Lat.
1292 2461 1333 2528 lx
1373 2464 1421 2538 18,
1467 2461 1503 2527 33

172 2585 391 2669 „(Britannia)
499 2584 541 2650 ad
575 2594 795 2670 conspectum
829 2586 1002 2656 Romanae
1037 2588 1118 2653 lucis
1145 2588 1311 2666 emersit“;
1348 2583 1504 2669 Paneg.
1563 2585 1566 2594 '

171 2708 301 2776 Latii
327 2712 355 2787 3,
379 2712 414 2787 2;
440 2708 504 2775 Vlll
533 2713 580 2788 10,
609 2715 640 2777 1;
672 2710 846 2790 „Romana
871 2710 992 2796 lux.“›²)
1108 2753 1112 2761 ·

269 2833 374 2919 Atque
418 2834 706 2919 quemadmodum
750 2837 833 2903 solis
871 2855 968 2902 cursu
1010 2839 1051 2903 ita
1092 2837 1190 2903 caelo
1227 2853 1364 2920 quoque
1402 2834 1503 2901 allato
1605 2873 1613 2884 -

164 2941 362 3044 magnitudo
387 2960 514 3042 imperii
541 2956 701 3048 Romani·
716 2978 972 3043 nonnumquam
1008 2961 1198 3045 praedicata
1222 2970 1280 3027 est.
1311 2959 1511 3048 'Alexandri‘

162 3085 250 3151 enim
286 3084 428 3162 laudem,
462 3103 563 3169 quarn
595 3087 736 3169 legimus
766 3085 891 3152 Anlh.
922 3084 1006 3152 l'al.
1031 3085 1113 3163 xxi,
1150 3087 1221 3164 120,
1257 3086 1310 3150 nbi
1342 3102 1397 3150 rex
1429 3085 1501 3167 ipse

164 3208 324 3293 loquitur:
358 3211 424 3275 Γᾶν
456 3209 510 3274 ὑπ’
551 3209 622 3292 ε’μοί
651 3210 798 3293 τίθεμαι·
835 3205 910 3285 Ζεῦ,
946 3212 984 3275 σὺ
1016 3210 1044 3274 δ’
1073 3210 1289 3293 Ὄλυμπον
1318 3211 1373 3293 ἔχε
1402 3209 1501 3274 etiam

162 3340 402 3418 exaggerantes
439 3336 630 3418 scriptores
668 3335 724 3419 qui
758 3336 934 3417 imperium
972 3333 1162 3404 Romanum
1202 3335 1379 3411 celebrant,
1418 3334 1500 3398 haec

163 3457 291 3525 dicunt:
324 3457 486 3526 Cicero
515 3458 607 3538 Catil.
633 3458 666 3524 lll
695 3462 745 3533 11,
779 3462 836 3524 26:
873 3445 1103 3536 „linesvestri
1135 3460 1265 3542 imperii
1297 3475 1365 3524 non
1397 3466 1503 3523 terrae

162 3581 221 3650 sed
254 3583 371 3649 caeli
402 3584 674 3667 regionibus
703 3585 972 3648 terminare“
1016 3557 1103 3650 idem
1144 3582 1202 3667 irg.
1234 3600 1282 3649 or.
1316 3581 1441 3647 nxlx
1465 3584 1500 3647 4:

270 3769 293 3836 ¹)
329 3771 458 3833 Quacum
484 3771 608 3826 dictione
633 3772 762 3844 conteras
788 3785 893 3839 quaeso
919 3771 992 3825 Cic.
1016 3772 1098 3826 Catil.
1120 3772 1157 3824 lV
1180 3773 1221 3838 10,
1245 3772 1293 3826 21:
1320 3771 1503 3838 „Pompeius

162 3861 242 3914 cuius
262 3874 305 3914 res
326 3863 422 3930 gestae
447 3862 535 3929 atque
562 3861 685 3914 virtutes
706 3861 850 3928 isdem,
876 3862 1023 3928 quibus
1048 3861 1149 3914 solis
1174 3874 1317 3914 cursus
1342 3859 1504 3929 regionibus

161 3965 195 4004 ac
219 3950 349 4004 terminis
375 3948 590 4004 continentur.“
1535 3984 1538 3991 -

268 4035 291 4102 ²)
323 4040 468 4094 Similibus
494 4040 587 4093 verbis
613 4039 768 4092 Alexandri
794 4052 911 4108 regnum
937 4041 1072 4093 laudatur
1098 4040 1214 4092 nntn.
1243 4040 1318 4092 Pal.
1345 4038 1415 4090 XVl
1439 4038 1502 4094 121:

268 4122 303 4194 ὃς
328 4119 436 4201 μόνος,
465 4121 503 4202 ἢν
527 4120 753 4202 ἐφορῶσιν
777 4118 842 4182 ἀπ’
868 4119 1054 4202 αἲὺερος
1079 4120 1123 4182 αἱ
1142 4117 1220 4194 Διὸς
1244 4116 1394 4201 αὐγαί,

375 4217 484 4274 πᾶσαν
505 4207 661 4290 Πελλαίῳ
685 4215 745 4291 γῆν
768 4210 907 4281 ὑπέταξε
930 4208 1053 4292 ὑρόνῳ;

269 4307 505 4366 conferasetiam
528 4307 731 4364 Rutilium
752 4309 829 4361 181:

333 4397 493 4464 „Omnia
517 4398 670 4464 perpetuos
696 4397 794 4463 qu'ae
814 4398 986 4449 servant
1010 4397 1148 4450 sidera
1175 4398 1321 4459 motus,

473 4485 595 4553 (nullum
621 4486 656 4538 vi
671 4487 818 4539 derunt
843 4485 987 4553 pulchrius
1008 4482 1202 4553 imperium.)“

269 4572 291 4640 ³)
317 4575 431 4629 Carolus
452 4575 496 4640 V.,
516 4575 671 4641 imperator
695 4575 872 4641 Germaniae,
894 4575 941 4641 qui
963 4575 991 4626 in
1011 4588 1098 4644 regno
1118 4587 1170 4631 suo
1189 4575 1277 4628 solem
1297 4585 1353 4626 non
1374 4572 1502 4626 occidere

159 4666 298 4742 gloriatus
317 4677 376 4718 esse
396 4664 509 4729 dicitnr,
536 4663 619 4719 simili
641 4666 766 4732 quadam
786 4663 1005 4733 exaggeratione
1026 4663 1233 4718 declamatoria
1253 4675 1319 4717 usus
1339 4663 1391 4715 est.
