3664 5512
194 552 314 621 ibidem
340 563 378 618 tr.
404 550 438 618 lll
466 553 514 629 12,
539 547 596 616 25:

241 675 293 758 „0
318 682 492 760 quater,
516 680 557 740 et
585 673 804 756 quotiens
833 687 901 736 non
929 677 980 736 est
1004 660 1256 743 numerare,
1281 666 1460 750 beatum

356 819 424 868 non
451 797 621 884 interdicta
645 797 696 862 cui
723 796 796 861 licet
821 781 902 861 urbe
925 795 1020 870 trui“;
1107 781 1110 786 ‘
1388 789 1391 796 '

196 927 345 994 similiter
371 924 508 994 Rutilius
533 922 542 989 l
568 908 603 988 2':
915 922 916 925 ’
1329 1008 1331 1012 Ι

359 1048 460 1130 „Tam
487 1050 553 1143 cito
580 1046 751 1116 Romuleis
776 1021 880 1130 posse
909 1063 1071 1130 carere*
1096 1044 1279 1124 bonis1).

212 1197 213 1202 ¹
264 1174 354 1260 Quid
380 1174 519 1259 longum
543 1180 618 1240 toto
644 1171 787 1241 Romam
813 1170 1051 1237 venerantibus·
1074 1167 1184 1236 aevo?

277 1335 278 1340 =
359 1299 410 1366 Nil
437 1317 596 1383 umquam
623 1297 771 1382 longum
786 1303 844 1374 est,
869 1268 960 1378 quod
985 1296 1057 1361 sine
1080 1294 1147 1360 line
1171 1293 1288 1376 placet.

211 1475 213 1480 ·
267 1423 538 1509 Oquantum
565 1430 605 1513 et
628 1423 1014 1507 quotieuspossum
1041 1400 1281 1509 numerare
1306 1416 1486 1494 beatos,

360 1551 451 1617 nasci
474 1550 557 1616 ielici
582 1550 638 1633 qui
662 1565 813 1614 meruere
837 1546 953 1614 solo!“

308 1674 461 1759 Denique
501 1673 731 1741 adscribamus
769 1645 987 1740 Callinici
1023 1669 1203 1737 Petraei
1240 1667 1386 1754 historici
1425 1669 1534 1748 verba,

202 1800 324 1884 quibus
347 1801 402 1884 qui
429 1798 570 1868 Romam
597 1815 666 1865 non
691 1796 806 1864 viderit
836 1796 1052 1863 infeliciorem
1077 1813 1277 1880 essequam
1303 1814 1451 1873 caecum,
1478 1797 1533 1878 qui

203 1926 312 1992 solem
343 1925 540 2008 conspicere
566 1941 634 1991 non
662 1924 776 2006 possit,
805 1921 1016 1988 contenditur
1044 1920 1132 2005 (Frg.
1159 1920 1198 1987 Η.
1220 1917 1260 1988 G.
1284 1921 1325 1988 ed
1344 1921 1536 1988 Mueller
1652 1959 1655 1962 -

204 2051 268 2117 vol.
293 2048 327 2116 ΙΙΙ
351 2049 447 2132 ὁὸ3);
480 2050 556 2128 Τοῖς
578 2049 636 2131 μὲν
660 2048 715 2113 οὖν
737 2048 868 2122 πολλοῖς
891 2049 1015 2130 εἴρηται
1039 2049 1166 2130 τυφλῶν
1190 2047 1269 2112 εἶναι
1292 2049 1408 2131 ζημίαν
1432 2047 1468 2112 τὸ
1491 2047 1536 2130 μὴ
1601 2101 1602 2110 ,

205 2175 260 2239 τὸν
277 2177 368 2259 ἥλιον
386 2176 525 2257 βλέπειν·
551 2174 617 2256 ἐγὼ
637 2173 706 2237 θ’ἃν
726 2173 778 2238 ἐπὶ
797 2181 861 2237 τῶν
880 2173 1054 2255 θεωμένων
1078 2173 1225 2256 φήσαιμι,
1251 2173 1308 2256 τὴν
1329 2175 1400 2256 ἴσην
1423 2171 1463 2237 ελ
1469 2149 1538 2236 ναι

206 2275 543 2384 ζημία·ν,ἐῖτις
566 2301 621 2383 μὴ
646 2299 807 2381 ταύτην
839 2299 916 2381 (τὴν
940 2297 1092 2382 Ῥώμην)
1123 2297 1364 2372 θεάσαιτο,
1396 2298 1451 2362 καὶ
1474 2305 1538 2362 τῶν

206 2423 435 2510 παρελθόντων
458 2427 503 2500 εἰς
526 2432 596 2506 φῶς
620 2426 692 2488 ὅσοι
719 2426 776 2506 μὲν
807 2417 974 2506 ἀπείρατοι
1003 2430 1061 2504 τῆς
1090 2423 1248 2507 ἡμετέροις
1277 2392 1412 2505 ἔμειναν,
1443 2423 1539 2488 νόθον

208 2549 278 2615 τινὰ
301 2549 381 2632 βίον,
415 2550 459 2624 ὡς
483 2552 592 2623 εἰπεῖν,
625 2550 834 2622 θιαντλοῦσιν,
866 2551 937 2612 ὅσοι
961 2548 996 2612 δὲ
1020 2549 1053 2613 ἐν
1080 2550 1174 2631 πείρᾳ
1199 2551 1387 2632 γεγένηνται
1413 2549 1540 2632 γνήσιοι

209 2683 269 2739 τοῦ
290 2676 362 2756 βίον
386 2676 529 2758 μέτοχοι,
561 2675 616 2738 καὶ
639 2676 736 2740 πλέον
760 2682 824 2739 τῶν
848 2675 966 2756 ἑτέρων
990 2674 1233 2740 διαλλάττουσιν
1261 2677 1282 2758 ἢ
1307 2684 1371 2740 τῶν
1393 2675 1540 2760 βεβήλων

210 2801 243 2863 οῖ
265 2800 481 2873 τελεσθέντες.

864 2887 894 2954 ll.

518 3013 581 3093 De
610 3013 807 3092 laudibus
825 3013 1076 3093 inediarum
1106 3011 1253 3094 urbis

319 3153 383 3221 Sed
405 3155 492 3251 banc
511 3168 589 3238 erga
610 3153 752 3223 Romam
774 3155 1031 3222 admirationem
1053 3163 1085 3222 et
1104 3156 1193 3223 hunc
1213 3175 1365 3225 amorem
1387 3166 1544 3226 auctores

215 3296 283 3346 non
322 3280 433 3346 solum
474 3285 611 3362 propter
648 3279 924 3362 pulchritudinem
964 3281 1013 3346 vel
1052 3281 1313 3364 magnitudinem
1358 3285 1449 3352 urbis
1484 3285 1543 3352 sed

213 3404 313 3471 etiam
348 3411 486 3487 propter
518 3403 689 3488 praeclara
723 3405 908 3470 incolarum
942 3404 1028 3470 iacta
1062 3406 1194 3484 babent,
1228 3406 1258 3473 id
1292 3408 1383 3491 quod
1418 3411 1545 3493 optime

215 3528 322 3595 elucet
352 3547 370 3594 e
401 3528 495 3598 Rutili
518 3528 653 3606 Rornae
687 3529 855 3605 encomio,
894 3530 924 3594 in
966 3546 1047 3613 quo,
1077 3533 1323 3616 magisrquam
1361 3534 1440 3600 urbs
1463 3537 1545 3619 ipsa

218 3651 449 3724 Romanorum
475 3653 560 3720 iacta
578 3661 616 3720 et
640 3655 863 3720 institutiones
892 3654 1044 3720 laudibus
1073 3655 1261 3724 eiteruntur.
1310 3657 1385 3725 lioc
1409 3677 1546 3749 quoque

159 3833 163 3845 .
218 3778 316 3862 plane
350 3797 390 3846 ex
424 3796 485 3845 usu
521 3778 692 3845 rhetorum
727 3785 784 3856 est,
823 3779 878 3862 qui
911 3786 1042 3862 praeter
1074 3781 1278 3862 positionem
1317 3785 1548 3869 originemque

219 3903 310 3969 urbis
334 3905 438 3985 ipsius
463 3903 493 3968 in
516 3903 724 4000 panegyricis
749 3905 878 3970 urbium
900 3905 998 3970 etiarn
1025 3905 1248 3972 institutiones
1268 3914 1299 3973 et
1317 3907 1403 3975 iacta
1423 3910 1547 3976 incola·

218 4015 292 4093 rum
326 4028 595 4111 respiciiubent.
644 4026 743 4110 Quae
773 4047 848 4095 cum
874 4030 922 4114 ita
952 4030 1025 4107 sint,
1057 4048 1144 4096 nunc
1172 4033 1333 4114 quoniam
1355 4027 1478 4100 'omnia
1507 4035 1549 4101 ad

220 4152 414 4218 encomium
433 4143 534 4220 ‘urbis
559 4154 663 4237 ipsius
687 4173 706 4220 a
731 4155 948 4237 scriptoribus
973 4155 1149 4238 poetisque
1173 4156 1304 4239 prolata
1327 4159 1550 4238 tractavimus,

222 4278 410 4360 posteriore
441 4287 532 4362 parte
556 4279 597 4345 de
622 4280 670 4345 eis
694 4278 942 4346 laudationibus
966 4279 1124 4356 dicemus,
1152 4280 1274 4363 quibus
1303 4282 1433 4349 incolae
1460 4285 1550 4351 urbis

221 4401 437 4468 celebrantur.

223 4515 436 4545 —-------l

240 4585 253 4636 ’.
331 4587 353 4656 1)
370 4589 496 4665 similem
512 4593 686 4646 sententiam
702 4593 820 4646 exbibet
834 4595 967 4648 menam.
985 4596 1027 4648 ιιι
1041 4595 1105 4661 394,
1120 4597 1150 4650 a:
1172 4587 1237 4661 τίς
1256 4585 1324 4650 ‹l’dv
1343 4588 1562 4672 ἀνέχοιτο,

223 4671 431 4755 ἀκροπόλεως
462 4672 611 4756 τοιαύτης
643 4673 806 4748 κάλλος
838 4676 1126 4748 καταλιπεῖν,·
