<?xml version="1.0" encoding="UTF-8"?>
<!DOCTYPE html PUBLIC "-//W3C//DTD XHTML 1.0 Transitional//EN"
    "http://www.w3.org/TR/xhtml1/DTD/xhtml1-transitional.dtd">
<html xmlns="http://www.w3.org/1999/xhtml" xml:lang="en" lang="en">
 <head>
  <title>
</title>
<meta http-equiv="Content-Type" content="text/html;charset=utf-8" />
  <meta name='ocr-system' content='tesseract 3.04.00' />
  <meta name='ocr-capabilities' content='ocr_page ocr_carea ocr_par ocr_line ocrx_word'/>
</head>
<body>
  <div class='ocr_page' id='page_1' title='image "./laudesromae00gerngoog_0046.png"; bbox 0 0 3682 5520; ppageno 0'>
   <div class='ocr_carea' id='block_1_1' title="bbox 1475 370 1517 434">
    <p class='ocr_par' dir='ltr' id='par_1_1' title="bbox 1460 329 1517 434">
     <span class='ocr_line' id='line_1_1' title="bbox 1475 370 1517 434; baseline 0 0"><span class='ocrx_word' id='word_1_1' title='bbox 1475 370 1517 434; x_wconf 83' lang='lat'>33</span> 
     </span>
    </p>
   </div>
   <div class='ocr_carea' id='block_1_2' title="bbox 170 568 1634 1044">
    <p class='ocr_par' dir='ltr' id='par_1_2' title="bbox 170 568 1634 1044">
     <span class='ocr_line' id='line_1_2' title="bbox 183 568 1516 669; baseline -0.002 -18"><span class='ocrx_word' id='word_1_2' title='bbox 183 585 214 652; x_wconf 92' lang='lat' dir='ltr'>id</span> <span class='ocrx_word' id='word_1_3' title='bbox 237 585 360 652; x_wconf 86' lang='lat' dir='ltr'>lactum</span> <span class='ocrx_word' id='word_1_4' title='bbox 386 585 434 664; x_wconf 88' lang='lat' dir='ltr'>sit,</span> <span class='ocrx_word' id='word_1_5' title='bbox 459 584 552 669; x_wconf 93' lang='lat' dir='ltr'>quod</span> <span class='ocrx_word' id='word_1_6' title='bbox 578 585 609 650; x_wconf 90' lang='lat' dir='ltr'>bi</span> <span class='ocrx_word' id='word_1_7' title='bbox 637 568 758 669; x_wconf 88' lang='lat' dir='ltr'>poetae</span> <span class='ocrx_word' id='word_1_8' title='bbox 783 585 845 668; x_wconf 94' lang='lat' dir='ltr'>ipsi</span> <span class='ocrx_word' id='word_1_9' title='bbox 870 583 1029 662; x_wconf 90' lang='lat' dir='ltr'>viderunt,</span> <span class='ocrx_word' id='word_1_10' title='bbox 1062 590 1273 668; x_wconf 84' lang='lat' dir='ltr'>quantopere</span> <span class='ocrx_word' id='word_1_11' title='bbox 1307 583 1387 650; x_wconf 90' lang='lat' dir='ltr'>urbs</span> <span class='ocrx_word' id='word_1_12' title='bbox 1419 581 1516 650; x_wconf 93' lang='lat' dir='ltr'>adid</span> 
     </span>
     <span class='ocr_line' id='line_1_3' title="bbox 182 691 1597 794; baseline -0.001 -17"><span class='ocrx_word' id='word_1_13' title='bbox 182 717 316 794; x_wconf 90' lang='lat' dir='ltr'>tempus</span> <span class='ocrx_word' id='word_1_14' title='bbox 341 712 494 778; x_wconf 88' lang='lat' dir='ltr'>inornata</span> <span class='ocrx_word' id='word_1_15' title='bbox 519 711 561 776; x_wconf 92' lang='lat' dir='ltr'>ab</span> <span class='ocrx_word' id='word_1_16' title='bbox 586 709 740 794; x_wconf 80' lang='lat' dir='ltr'>Augusto</span> <span class='ocrx_word' id='word_1_17' title='bbox 752 707 777 794; x_wconf 84' lang='lat'>1)</span> <span class='ocrx_word' id='word_1_18' title='bbox 801 707 1017 786; x_wconf 82' lang='lat' dir='ltr'>excoleretur,</span> <span class='ocrx_word' id='word_1_19' title='bbox 1051 725 1128 775; x_wconf 91' lang='lat' dir='ltr'>cum</span> <span class='ocrx_word' id='word_1_20' title='bbox 1151 713 1286 792; x_wconf 88' lang='lat' dir='ltr'>poetae</span> <span class='ocrx_word' id='word_1_21' title='bbox 1310 708 1518 791; x_wconf 85' lang='lat' dir='ltr'>posteriores</span> <span class='ocrx_word' id='word_1_22' title='bbox 1595 691 1597 695; x_wconf 32' lang='lat'>⁸</span> 
     </span>
     <span class='ocr_line' id='line_1_4' title="bbox 182 803 1634 918; baseline -0.002 -16"><span class='ocrx_word' id='word_1_23' title='bbox 182 835 298 902; x_wconf 90' lang='lat' dir='ltr'>urbem</span> <span class='ocrx_word' id='word_1_24' title='bbox 325 836 385 901; x_wconf 93' lang='lat' dir='ltr'>nisi</span> <span class='ocrx_word' id='word_1_25' title='bbox 402 803 703 902; x_wconf 76' lang='lat' dir='ltr'>&#39;exornatissimum</span> <span class='ocrx_word' id='word_1_26' title='bbox 731 833 1074 918; x_wconf 78' lang='lat' dir='ltr'>noncognovissent,</span> <span class='ocrx_word' id='word_1_27' title='bbox 1105 852 1148 900; x_wconf 93' lang='lat' dir='ltr'>an</span> <span class='ocrx_word' id='word_1_28' title='bbox 1172 834 1250 918; x_wconf 88' lang='lat' dir='ltr'>quia</span> <span class='ocrx_word' id='word_1_29' title='bbox 1274 832 1382 900; x_wconf 88' lang='lat' dir='ltr'>studia</span> <span class='ocrx_word' id='word_1_30' title='bbox 1407 850 1517 899; x_wconf 92' lang='lat' dir='ltr'>rerum</span> <span class='ocrx_word' id='word_1_31' title='bbox 1633 865 1634 868; x_wconf 36' lang='lat'>¹</span> 
     </span>
     <span class='ocr_line' id='line_1_5' title="bbox 170 929 1518 1044; baseline -0.002 -18"><span class='ocrx_word' id='word_1_32' title='bbox 170 961 392 1043; x_wconf 81' lang='lat' dir='ltr'>¹antiquarum</span> <span class='ocrx_word' id='word_1_33' title='bbox 418 976 458 1026; x_wconf 90' lang='lat' dir='ltr'>ea</span> <span class='ocrx_word' id='word_1_34' title='bbox 482 965 590 1026; x_wconf 88' lang='lat' dir='ltr'>aetate</span> <span class='ocrx_word' id='word_1_35' title='bbox 613 959 777 1044; x_wconf 81' lang='lat' dir='ltr'>vigebant.</span> <span class='ocrx_word' id='word_1_36' title='bbox 825 929 911 1024; x_wconf 90' lang='lat' dir='ltr'>Nam</span> <span class='ocrx_word' id='word_1_37' title='bbox 935 957 1019 1024; x_wconf 92' lang='lat' dir='ltr'>tales</span> <span class='ocrx_word' id='word_1_38' title='bbox 1042 959 1287 1036; x_wconf 89' lang='lat' dir='ltr'>contentiones,</span> <span class='ocrx_word' id='word_1_39' title='bbox 1318 975 1405 1041; x_wconf 90' lang='lat' dir='ltr'>quae</span> <span class='ocrx_word' id='word_1_40' title='bbox 1429 959 1518 1025; x_wconf 90' lang='lat' dir='ltr'>voci-</span> 
     </span>
    </p>
   </div>
   <div class='ocr_carea' id='block_1_3' title="bbox 50 1083 1577 1168">
    <p class='ocr_par' dir='ltr' id='par_1_3' title="bbox 50 1083 1577 1168">
     <span class='ocr_line' id='line_1_6' title="bbox 50 1083 1577 1168; baseline -0.001 -18"><span class='ocrx_word' id='word_1_41' title='bbox 50 1119 54 1128; x_wconf 93' lang='lat'>·</span> <span class='ocrx_word' id='word_1_42' title='bbox 102 1141 107 1148; x_wconf 84' lang='grc'><strong><em>,</em></strong></span> <span class='ocrx_word' id='word_1_43' title='bbox 181 1085 244 1152; x_wconf 91' lang='lat' dir='ltr'>bus</span> <span class='ocrx_word' id='word_1_44' title='bbox 268 1083 387 1162; x_wconf 81' lang='lat' dir='ltr'>,‚olim‘⁴</span> <span class='ocrx_word' id='word_1_45' title='bbox 411 1091 444 1151; x_wconf 90' lang='lat' dir='ltr'>et</span> <span class='ocrx_word' id='word_1_46' title='bbox 468 1091 592 1162; x_wconf 83' lang='lat' dir='ltr'>„nunc“</span> <span class='ocrx_word' id='word_1_47' title='bbox 616 1084 665 1150; x_wconf 91' lang='lat' dir='ltr'>vel</span> <span class='ocrx_word' id='word_1_48' title='bbox 691 1084 855 1150; x_wconf 83' lang='lat' dir='ltr'>similibus</span> <span class='ocrx_word' id='word_1_49' title='bbox 879 1085 1010 1168; x_wconf 93' lang='lat' dir='ltr'>opponi</span> <span class='ocrx_word' id='word_1_50' title='bbox 1024 1083 1143 1162; x_wconf 89' lang='lat' dir='ltr'>solent,</span> <span class='ocrx_word' id='word_1_51' title='bbox 1169 1085 1363 1168; x_wconf 90' lang='lat' dir='ltr'>priusquam</span> <span class='ocrx_word' id='word_1_52' title='bbox 1379 1085 1412 1150; x_wconf 96' lang='lat' dir='ltr'>in</span> <span class='ocrx_word' id='word_1_53' title='bbox 1428 1083 1519 1150; x_wconf 91' lang='lat' dir='ltr'>urbis</span> <span class='ocrx_word' id='word_1_54' title='bbox 1573 1097 1577 1112; x_wconf 71' lang='lat'><strong><em>‘</em></strong></span> 
     </span>
    </p>
   </div>
   <div class='ocr_carea' id='block_1_4' title="bbox 112 1200 1699 4700">
    <p class='ocr_par' dir='ltr' id='par_1_4' title="bbox 112 1200 1699 3666">
     <span class='ocr_line' id='line_1_7' title="bbox 182 1200 1630 1308; baseline -0.001 -32"><span class='ocrx_word' id='word_1_55' title='bbox 182 1208 314 1276; x_wconf 90' lang='lat' dir='ltr'>laudem</span> <span class='ocrx_word' id='word_1_56' title='bbox 349 1209 528 1277; x_wconf 78' lang='lat' dir='ltr'>translatae</span> <span class='ocrx_word' id='word_1_57' title='bbox 562 1216 647 1288; x_wconf 88' lang='lat' dir='ltr'>sunt,</span> <span class='ocrx_word' id='word_1_58' title='bbox 681 1211 746 1276; x_wconf 90' lang='lat' dir='ltr'>iam</span> <span class='ocrx_word' id='word_1_59' title='bbox 781 1200 1073 1308; x_wconf 40' lang='lat' dir='ltr'>inJVarronis</span> <span class='ocrx_word' id='word_1_60' title='bbox 1107 1208 1197 1276; x_wconf 91' lang='lat' dir='ltr'>libris</span> <span class='ocrx_word' id='word_1_61' title='bbox 1230 1215 1419 1289; x_wconf 86' lang='lat' dir='ltr'>occurrunt,</span> <span class='ocrx_word' id='word_1_62' title='bbox 1462 1209 1517 1293; x_wconf 94' lang='lat' dir='ltr'>qui</span> <span class='ocrx_word' id='word_1_63' title='bbox 1629 1279 1630 1282; x_wconf 50' lang='lat'>,</span> 
     </span>
     <span class='ocr_line' id='line_1_8' title="bbox 181 1332 1518 1419; baseline -0.001 -19"><span class='ocrx_word' id='word_1_64' title='bbox 181 1335 325 1419; x_wconf 90' lang='lat' dir='ltr'>scriptor</span> <span class='ocrx_word' id='word_1_65' title='bbox 353 1334 430 1401; x_wconf 85' lang='lat' dir='ltr'>dicit</span> <span class='ocrx_word' id='word_1_66' title='bbox 462 1334 518 1418; x_wconf 89' lang='lat' dir='ltr'>(de</span> <span class='ocrx_word' id='word_1_67' title='bbox 550 1335 612 1401; x_wconf 90' lang='lat' dir='ltr'>vita</span> <span class='ocrx_word' id='word_1_68' title='bbox 643 1352 673 1418; x_wconf 90' lang='lat' dir='ltr'>p.</span> <span class='ocrx_word' id='word_1_69' title='bbox 699 1332 734 1404; x_wconf 86' lang='lat' dir='ltr'>R.</span> <span class='ocrx_word' id='word_1_70' title='bbox 760 1333 846 1401; x_wconf 92' lang='lat' dir='ltr'>Non.</span> <span class='ocrx_word' id='word_1_71' title='bbox 870 1336 945 1411; x_wconf 84' lang='lat'>494,</span> <span class='ocrx_word' id='word_1_72' title='bbox 970 1351 1000 1416; x_wconf 85' lang='lat' dir='ltr'>p.</span> <span class='ocrx_word' id='word_1_73' title='bbox 1026 1335 1099 1418; x_wconf 80' lang='lat'>792,</span> <span class='ocrx_word' id='word_1_74' title='bbox 1132 1335 1150 1400; x_wconf 81' lang='lat'>7</span> <span class='ocrx_word' id='word_1_75' title='bbox 1178 1333 1239 1417; x_wconf 68' lang='lat' dir='ltr'>ll:</span> <span class='ocrx_word' id='word_1_76' title='bbox 1276 1334 1380 1414; x_wconf 88' lang='lat' dir='ltr'>„baec</span> <span class='ocrx_word' id='word_1_77' title='bbox 1417 1333 1518 1412; x_wconf 87' lang='lat' dir='ltr'>aedis,</span> 
     </span>
     <span class='ocr_line' id='line_1_9' title="bbox 181 1458 1518 1544; baseline 0.001 -19"><span class='ocrx_word' id='word_1_78' title='bbox 181 1478 268 1544; x_wconf 89' lang='lat' dir='ltr'>quae</span> <span class='ocrx_word' id='word_1_79' title='bbox 300 1478 416 1526; x_wconf 93' lang='lat' dir='ltr'>nunc</span> <span class='ocrx_word' id='word_1_80' title='bbox 446 1466 497 1526; x_wconf 88' lang='lat' dir='ltr'>est</span> <span class='ocrx_word' id='word_1_81' title='bbox 583 1460 706 1544; x_wconf 82' lang='lat' dir='ltr'>regis</span> <span class='ocrx_word' id='word_1_82' title='bbox 728 1458 1019 1542; x_wconf 84' lang='lat' dir='ltr'>temporibus</span> <span class='ocrx_word' id='word_1_83' title='bbox 1043 1458 1181 1526; x_wconf 88' lang='lat' dir='ltr'>delubra</span> <span class='ocrx_word' id='word_1_84' title='bbox 1206 1476 1307 1542; x_wconf 88' lang='lat' dir='ltr'>parva</span> <span class='ocrx_word' id='word_1_85' title='bbox 1331 1459 1417 1527; x_wconf 80' lang='lat' dir='ltr'>lacta</span> <span class='ocrx_word' id='word_1_86' title='bbox 1441 1465 1518 1536; x_wconf 80' lang='lat' dir='ltr'>est‘,</span> 
     </span>
     <span class='ocr_line' id='line_1_10' title="bbox 182 1558 1516 1670; baseline -0.001 -18"><span class='ocrx_word' id='word_1_87' title='bbox 182 1584 221 1652; x_wconf 90' lang='lat' dir='ltr'>id.</span> <span class='ocrx_word' id='word_1_88' title='bbox 246 1583 348 1670; x_wconf 86' lang='lat' dir='ltr'>(Non.</span> <span class='ocrx_word' id='word_1_89' title='bbox 376 1587 447 1663; x_wconf 81' lang='lat'>102,</span> <span class='ocrx_word' id='word_1_90' title='bbox 472 1603 502 1669; x_wconf 94' lang='lat' dir='ltr'>p.</span> <span class='ocrx_word' id='word_1_91' title='bbox 527 1587 600 1662; x_wconf 83' lang='lat'>239,</span> <span class='ocrx_word' id='word_1_92' title='bbox 628 1585 695 1668; x_wconf 87' lang='grc'>15);</span> <span class='ocrx_word' id='word_1_93' title='bbox 721 1583 817 1667; x_wconf 84' lang='lat' dir='ltr'>„quid</span> <span class='ocrx_word' id='word_1_94' title='bbox 843 1558 1015 1650; x_wconf 71' lang='lat' dir='ltr'>inter&#39;bos</span> <span class='ocrx_word' id='word_1_95' title='bbox 1040 1582 1136 1650; x_wconf 89' lang='lat' dir='ltr'>loves</span> <span class='ocrx_word' id='word_1_96' title='bbox 1166 1585 1291 1650; x_wconf 88' lang='lat' dir='ltr'>intersit</span> <span class='ocrx_word' id='word_1_97' title='bbox 1312 1591 1344 1650; x_wconf 88' lang='lat' dir='ltr'>et</span> <span class='ocrx_word' id='word_1_98' title='bbox 1367 1601 1437 1662; x_wconf 91' lang='lat' dir='ltr'>eos,</span> <span class='ocrx_word' id='word_1_99' title='bbox 1462 1585 1516 1667; x_wconf 93' lang='lat' dir='ltr'>qui</span> 
     </span>
     <span class='ocr_line' id='line_1_11' title="bbox 182 1689 1430 1777; baseline -0.002 0"><span class='ocrx_word' id='word_1_100' title='bbox 182 1729 221 1777; x_wconf 89' lang='lat' dir='ltr'>ex</span> <span class='ocrx_word' id='word_1_101' title='bbox 246 1727 417 1777; x_wconf 85' lang='lat' dir='ltr'>marmore</span> <span class='ocrx_word' id='word_1_102' title='bbox 442 1710 546 1776; x_wconf 87' lang='lat' dir='ltr'>ebore</span> <span class='ocrx_word' id='word_1_103' title='bbox 572 1709 796 1776; x_wconf 84' lang='lat' dir='ltr'>auro&#39;nunc</span> <span class='ocrx_word' id='word_1_104' title='bbox 820 1708 931 1774; x_wconf 87' lang='lat' dir='ltr'>liunt.“</span> <span class='ocrx_word' id='word_1_105' title='bbox 1427 1689 1430 1695; x_wconf 38' lang='lat'>¹</span> 
     </span>
     <span class='ocr_line' id='line_1_12' title="bbox 112 1811 1563 1919; baseline 0.005 -18"><span class='ocrx_word' id='word_1_106' title='bbox 112 1813 115 1818; x_wconf 37' lang='lat'>⁵</span> <span class='ocrx_word' id='word_1_107' title='bbox 289 1834 469 1902; x_wconf 88' lang='lat' dir='ltr'>Poetarum</span> <span class='ocrx_word' id='word_1_108' title='bbox 495 1843 605 1902; x_wconf 87' lang='lat' dir='ltr'>autem</span> <span class='ocrx_word' id='word_1_109' title='bbox 632 1835 719 1900; x_wconf 90' lang='lat' dir='ltr'>banc</span> <span class='ocrx_word' id='word_1_110' title='bbox 739 1829 861 1901; x_wconf 83' lang='lat' dir='ltr'>ueteris</span> <span class='ocrx_word' id='word_1_111' title='bbox 895 1841 927 1900; x_wconf 89' lang='lat' dir='ltr'>et</span> <span class='ocrx_word' id='word_1_112' title='bbox 959 1811 1068 1901; x_wconf 88' lang='lat' dir='ltr'>novae</span> <span class='ocrx_word' id='word_1_113' title='bbox 1104 1834 1194 1906; x_wconf 87' lang='lat' dir='ltr'>urbis</span> <span class='ocrx_word' id='word_1_114' title='bbox 1223 1836 1519 1919; x_wconf 88' lang='lat' dir='ltr'>comparationem</span> <span class='ocrx_word' id='word_1_115' title='bbox 1553 1889 1563 1908; x_wconf 91' lang='lat'>.</span> 
     </span>
     <span class='ocr_line' id='line_1_13' title="bbox 181 1950 1610 2044; baseline 0.001 -18"><span class='ocrx_word' id='word_1_116' title='bbox 181 1950 309 2044; x_wconf 90' lang='lat' dir='ltr'>primus</span> <span class='ocrx_word' id='word_1_117' title='bbox 335 1966 473 2044; x_wconf 83' lang='lat' dir='ltr'>usurpat</span> <span class='ocrx_word' id='word_1_118' title='bbox 496 1959 749 2044; x_wconf 82' lang='lat' dir='ltr'>Vergilius,</span> <span class='ocrx_word' id='word_1_119' title='bbox 783 1978 858 2026; x_wconf 92' lang='lat' dir='ltr'>cum</span> <span class='ocrx_word' id='word_1_120' title='bbox 893 1959 1013 2026; x_wconf 91' lang='lat' dir='ltr'>collem</span> <span class='ocrx_word' id='word_1_121' title='bbox 1040 1959 1267 2043; x_wconf 86' lang='lat' dir='ltr'>Capitolinum</span> <span class='ocrx_word' id='word_1_122' title='bbox 1295 1961 1410 2026; x_wconf 88' lang='lat' dir='ltr'>aetatis</span> <span class='ocrx_word' id='word_1_123' title='bbox 1435 1978 1517 2027; x_wconf 90' lang='lat' dir='ltr'>suae</span> <span class='ocrx_word' id='word_1_124' title='bbox 1608 1990 1610 1993; x_wconf 96' lang='lat'>·</span> 
     </span>
     <span class='ocr_line' id='line_1_14' title="bbox 181 2083 1515 2170; baseline 0.001 -20"><span class='ocrx_word' id='word_1_125' title='bbox 181 2105 256 2152; x_wconf 93' lang='lat' dir='ltr'>cum</span> <span class='ocrx_word' id='word_1_126' title='bbox 283 2086 523 2168; x_wconf 87' lang='lat' dir='ltr'>antiquissimis</span> <span class='ocrx_word' id='word_1_127' title='bbox 547 2084 757 2168; x_wconf 89' lang='lat' dir='ltr'>temporibus</span> <span class='ocrx_word' id='word_1_128' title='bbox 781 2085 972 2168; x_wconf 89' lang='lat' dir='ltr'>componit;</span> <span class='ocrx_word' id='word_1_129' title='bbox 998 2085 1086 2150; x_wconf 87' lang='lat' dir='ltr'>canit</span> <span class='ocrx_word' id='word_1_130' title='bbox 1109 2085 1198 2151; x_wconf 91' lang='lat' dir='ltr'>enim</span> <span class='ocrx_word' id='word_1_131' title='bbox 1224 2083 1320 2169; x_wconf 80' lang='lat' dir='ltr'>(lien.</span> <span class='ocrx_word' id='word_1_132' title='bbox 1336 2084 1401 2151; x_wconf 88' lang='lat' dir='ltr'>Vlll</span> <span class='ocrx_word' id='word_1_133' title='bbox 1421 2086 1515 2170; x_wconf 66' lang='lat' dir='ltr'>alb:</span> 
     </span>
     <span class='ocr_line' id='line_1_15' title="bbox 341 2203 1221 2293; baseline -0.001 -18"><span class='ocrx_word' id='word_1_134' title='bbox 341 2203 445 2287; x_wconf 80' lang='lat' dir='ltr'>„ilinc</span> <span class='ocrx_word' id='word_1_135' title='bbox 471 2208 513 2275; x_wconf 91' lang='lat' dir='ltr'>ad</span> <span class='ocrx_word' id='word_1_136' title='bbox 537 2207 713 2293; x_wconf 85' lang='lat' dir='ltr'>Tarpeiam</span> <span class='ocrx_word' id='word_1_137' title='bbox 739 2208 854 2276; x_wconf 91' lang='lat' dir='ltr'>sedem</span> <span class='ocrx_word' id='word_1_138' title='bbox 880 2215 911 2274; x_wconf 88' lang='lat' dir='ltr'>et</span> <span class='ocrx_word' id='word_1_139' title='bbox 935 2208 1100 2293; x_wconf 86' lang='lat' dir='ltr'>Capitolia</span> <span class='ocrx_word' id='word_1_140' title='bbox 1125 2208 1221 2288; x_wconf 90' lang='lat' dir='ltr'>ducit,</span> 
     </span>
     <span class='ocr_line' id='line_1_16' title="bbox 340 2333 1303 2423; baseline -0.001 -22"><span class='ocrx_word' id='word_1_141' title='bbox 340 2353 442 2401; x_wconf 90' lang='lat' dir='ltr'>aurea</span> <span class='ocrx_word' id='word_1_142' title='bbox 472 2352 605 2411; x_wconf 89' lang='lat' dir='ltr'>nunc,</span> <span class='ocrx_word' id='word_1_143' title='bbox 635 2334 741 2401; x_wconf 94' lang='lat' dir='ltr'>olim</span> <span class='ocrx_word' id='word_1_144' title='bbox 772 2334 976 2400; x_wconf 87' lang='lat' dir='ltr'>silvestribus</span> <span class='ocrx_word' id='word_1_145' title='bbox 1000 2333 1142 2423; x_wconf 21' lang='lat' dir='ltr'>*horrida</span> <span class='ocrx_word' id='word_1_146' title='bbox 1166 2333 1303 2402; x_wconf 84' lang='lat' dir='ltr'>dumis.¹‘</span> 
     </span>
     <span class='ocr_line' id='line_1_17' title="bbox 181 2457 1517 2542; baseline 0 -16"><span class='ocrx_word' id='word_1_147' title='bbox 181 2459 292 2542; x_wconf 90' lang='lat' dir='ltr'>Quem</span> <span class='ocrx_word' id='word_1_148' title='bbox 314 2461 416 2526; x_wconf 89' lang='lat' dir='ltr'>secuti</span> <span class='ocrx_word' id='word_1_149' title='bbox 437 2466 515 2525; x_wconf 87' lang='lat' dir='ltr'>sunt</span> <span class='ocrx_word' id='word_1_150' title='bbox 532 2458 732 2542; x_wconf 85' lang='lat' dir='ltr'>Propertius,</span> <span class='ocrx_word' id='word_1_151' title='bbox 748 2457 905 2536; x_wconf 78' lang='lat' dir='ltr'>Tibullus</span> <span class='ocrx_word' id='word_1_152' title='bbox 926 2457 1074 2528; x_wconf 90' lang='lat' dir='ltr'>Ovidius.</span> <span class='ocrx_word' id='word_1_153' title='bbox 1108 2460 1215 2542; x_wconf 83' lang='lat' dir='ltr'>Atque</span> <span class='ocrx_word' id='word_1_154' title='bbox 1237 2460 1450 2527; x_wconf 88' lang='lat' dir='ltr'>notissimum</span> <span class='ocrx_word' id='word_1_155' title='bbox 1467 2467 1517 2527; x_wconf 89' lang='lat' dir='ltr'>est</span> 
     </span>
     <span class='ocr_line' id='line_1_18' title="bbox 182 2581 1517 2669; baseline 0 -18"><span class='ocrx_word' id='word_1_156' title='bbox 182 2584 264 2651; x_wconf 90' lang='lat' dir='ltr'>Pro</span> <span class='ocrx_word' id='word_1_157' title='bbox 278 2586 393 2668; x_wconf 85' lang='lat' dir='ltr'>perti</span> <span class='ocrx_word' id='word_1_158' title='bbox 414 2602 548 2651; x_wconf 92' lang='lat' dir='ltr'>carmen</span> <span class='ocrx_word' id='word_1_159' title='bbox 566 2583 607 2650; x_wconf 90' lang='lat' dir='ltr'>lll</span> <span class='ocrx_word' id='word_1_160' title='bbox 625 2586 650 2661; x_wconf 92' lang='lat' dir='ltr'>l,</span> <span class='ocrx_word' id='word_1_161' title='bbox 671 2584 702 2648; x_wconf 95' lang='lat' dir='ltr'>in</span> <span class='ocrx_word' id='word_1_162' title='bbox 719 2600 789 2666; x_wconf 92' lang='lat' dir='ltr'>quo</span> <span class='ocrx_word' id='word_1_163' title='bbox 805 2581 914 2662; x_wconf 80' lang='lat' dir='ltr'>Roma</span> <span class='ocrx_word' id='word_1_164' title='bbox 935 2582 1087 2650; x_wconf 89' lang='lat' dir='ltr'>laudibus</span> <span class='ocrx_word' id='word_1_165' title='bbox 1107 2587 1254 2651; x_wconf 88' lang='lat' dir='ltr'>ornatur.</span> <span class='ocrx_word' id='word_1_166' title='bbox 1293 2584 1326 2651; x_wconf 96' lang='lat' dir='ltr'>ln</span> <span class='ocrx_word' id='word_1_167' title='bbox 1348 2585 1517 2669; x_wconf 88' lang='lat' dir='ltr'>prioribus</span> 
     </span>
     <span class='ocr_line' id='line_1_19' title="bbox 153 2709 1516 2794; baseline 0.001 -20"><span class='ocrx_word' id='word_1_168' title='bbox 153 2726 156 2734; x_wconf 91' lang='lat'><em>·</em></span> <span class='ocrx_word' id='word_1_169' title='bbox 179 2711 288 2794; x_wconf 82' lang='lat' dir='ltr'>viginti</span> <span class='ocrx_word' id='word_1_170' title='bbox 301 2710 427 2776; x_wconf 87' lang='lat' dir='ltr'>circiter</span> <span class='ocrx_word' id='word_1_171' title='bbox 439 2710 537 2775; x_wconf 90' lang='lat' dir='ltr'>buius</span> <span class='ocrx_word' id='word_1_172' title='bbox 549 2710 705 2778; x_wconf 90' lang='lat' dir='ltr'>carminis</span> <span class='ocrx_word' id='word_1_173' title='bbox 716 2709 867 2776; x_wconf 91' lang='lat' dir='ltr'>versibus</span> <span class='ocrx_word' id='word_1_174' title='bbox 881 2710 1093 2792; x_wconf 89' lang='lat' dir='ltr'>comparatio</span> <span class='ocrx_word' id='word_1_175' title='bbox 1107 2727 1216 2776; x_wconf 89' lang='lat' dir='ltr'>novae</span> <span class='ocrx_word' id='word_1_176' title='bbox 1231 2716 1263 2775; x_wconf 91' lang='lat' dir='ltr'>et</span> <span class='ocrx_word' id='word_1_177' title='bbox 1273 2711 1516 2776; x_wconf 89' lang='lat' dir='ltr'>vetustissimae</span> 
     </span>
     <span class='ocr_line' id='line_1_20' title="bbox 181 2833 1516 2919; baseline 0.001 -19"><span class='ocrx_word' id='word_1_178' title='bbox 181 2835 271 2900; x_wconf 91' lang='lat' dir='ltr'>urbis</span> <span class='ocrx_word' id='word_1_179' title='bbox 292 2835 465 2918; x_wconf 83' lang='lat' dir='ltr'>praevalet,</span> <span class='ocrx_word' id='word_1_180' title='bbox 485 2853 560 2899; x_wconf 94' lang='lat' dir='ltr'>cum</span> <span class='ocrx_word' id='word_1_181' title='bbox 577 2835 609 2900; x_wconf 94' lang='lat' dir='ltr'>in</span> <span class='ocrx_word' id='word_1_182' title='bbox 626 2834 841 2917; x_wconf 90' lang='lat' dir='ltr'>sequentibus</span> <span class='ocrx_word' id='word_1_183' title='bbox 857 2833 1036 2919; x_wconf 90' lang='lat' dir='ltr'>descriptio</span> <span class='ocrx_word' id='word_1_184' title='bbox 1054 2835 1306 2918; x_wconf 90' lang='lat' dir='ltr'>antiquissimae</span> <span class='ocrx_word' id='word_1_185' title='bbox 1321 2836 1438 2901; x_wconf 87' lang='lat' dir='ltr'>aetatis</span> <span class='ocrx_word' id='word_1_186' title='bbox 1453 2837 1516 2918; x_wconf 88' lang='lat' dir='ltr'>pri·</span> 
     </span>
     <span class='ocr_line' id='line_1_21' title="bbox 180 2957 1517 3056; baseline 0.001 -31"><span class='ocrx_word' id='word_1_187' title='bbox 180 2977 273 3025; x_wconf 92' lang='lat' dir='ltr'>mum</span> <span class='ocrx_word' id='word_1_188' title='bbox 299 2958 410 3026; x_wconf 94' lang='lat' dir='ltr'>locum</span> <span class='ocrx_word' id='word_1_189' title='bbox 436 2959 594 3056; x_wconf 82' lang='lat' dir='ltr'>obtineat.</span> <span class='ocrx_word' id='word_1_190' title='bbox 642 2957 742 3040; x_wconf 90' lang='lat' dir='ltr'>Quae</span> <span class='ocrx_word' id='word_1_191' title='bbox 765 2959 993 3025; x_wconf 89' lang='lat' dir='ltr'>contentionis</span> <span class='ocrx_word' id='word_1_192' title='bbox 1017 2973 1072 3026; x_wconf 85' lang='lat' dir='ltr'>ars</span> <span class='ocrx_word' id='word_1_193' title='bbox 1097 2975 1167 3042; x_wconf 94' lang='lat' dir='ltr'>quo</span> <span class='ocrx_word' id='word_1_194' title='bbox 1193 2958 1300 3042; x_wconf 80' lang='lat' dir='ltr'>magis</span> <span class='ocrx_word' id='word_1_195' title='bbox 1325 2959 1460 3037; x_wconf 87' lang='lat' dir='ltr'>eluceat,</span> <span class='ocrx_word' id='word_1_196' title='bbox 1485 2967 1517 3027; x_wconf 90' lang='lat' dir='ltr'>et</span> 
     </span>
     <span class='ocr_line' id='line_1_22' title="bbox 180 3071 1516 3174; baseline 0.003 -26"><span class='ocrx_word' id='word_1_197' title='bbox 180 3085 211 3149; x_wconf 94' lang='lat' dir='ltr'>in</span> <span class='ocrx_word' id='word_1_198' title='bbox 243 3083 294 3150; x_wconf 89' lang='lat' dir='ltr'>bis</span> <span class='ocrx_word' id='word_1_199' title='bbox 320 3083 469 3167; x_wconf 84' lang='lat' dir='ltr'>Properti</span> <span class='ocrx_word' id='word_1_200' title='bbox 500 3089 532 3150; x_wconf 93' lang='lat' dir='ltr'>et</span> <span class='ocrx_word' id='word_1_201' title='bbox 560 3085 591 3148; x_wconf 94' lang='lat' dir='ltr'>in</span> <span class='ocrx_word' id='word_1_202' title='bbox 623 3083 703 3160; x_wconf 91' lang='lat' dir='ltr'>aliis,</span> <span class='ocrx_word' id='word_1_203' title='bbox 735 3099 824 3167; x_wconf 93' lang='lat' dir='ltr'>quos</span> <span class='ocrx_word' id='word_1_204' title='bbox 855 3083 938 3149; x_wconf 90' lang='lat' dir='ltr'>inlra</span> <span class='ocrx_word' id='word_1_205' title='bbox 964 3083 1158 3174; x_wconf 76' lang='lat' dir='ltr'>afferemus</span> <span class='ocrx_word' id='word_1_206' title='bbox 1185 3071 1334 3150; x_wconf 89' lang='lat' dir='ltr'>versibus</span> <span class='ocrx_word' id='word_1_207' title='bbox 1361 3084 1464 3151; x_wconf 90' lang='lat' dir='ltr'>littera</span> <span class='ocrx_word' id='word_1_208' title='bbox 1488 3086 1516 3152; x_wconf 90' lang='grc' dir='ltr'>Α</span> 
     </span>
     <span class='ocr_line' id='line_1_23' title="bbox 179 3207 1513 3293; baseline 0.001 -19"><span class='ocrx_word' id='word_1_209' title='bbox 179 3211 298 3276; x_wconf 87' lang='lat' dir='ltr'>veteris</span> <span class='ocrx_word' id='word_1_210' title='bbox 311 3208 433 3293; x_wconf 84' lang='lat' dir='ltr'>(olim),</span> <span class='ocrx_word' id='word_1_211' title='bbox 447 3209 551 3274; x_wconf 90' lang='lat' dir='ltr'>littera</span> <span class='ocrx_word' id='word_1_212' title='bbox 564 3207 590 3276; x_wconf 86' lang='lat' dir='ltr'>B</span> <span class='ocrx_word' id='word_1_213' title='bbox 605 3225 714 3275; x_wconf 89' lang='lat' dir='ltr'>novae</span> <span class='ocrx_word' id='word_1_214' title='bbox 727 3209 816 3274; x_wconf 88' lang='lat' dir='ltr'>urbis</span> <span class='ocrx_word' id='word_1_215' title='bbox 829 3209 948 3292; x_wconf 88' lang='lat' dir='ltr'>(nunc)</span> <span class='ocrx_word' id='word_1_216' title='bbox 962 3207 1227 3293; x_wconf 89' lang='lat' dir='ltr'>descriptionem</span> <span class='ocrx_word' id='word_1_217' title='bbox 1240 3210 1513 3292; x_wconf 72' lang='lat' dir='ltr'>significabimus.</span> 
     </span>
     <span class='ocr_line' id='line_1_24' title="bbox 288 3312 1694 3456; baseline 0.001 -57"><span class='ocrx_word' id='word_1_218' title='bbox 288 3312 490 3416; x_wconf 89' lang='lat' dir='ltr'>Propert.</span> <span class='ocrx_word' id='word_1_219' title='bbox 516 3332 566 3411; x_wconf 87' lang='lat' dir='ltr'>lV,</span> <span class='ocrx_word' id='word_1_220' title='bbox 592 3327 624 3411; x_wconf 80' lang='lat' dir='ltr'>i,</span> <span class='ocrx_word' id='word_1_221' title='bbox 647 3336 766 3414; x_wconf 84' lang='lat' dir='ltr'>l-20;</span> <span class='ocrx_word' id='word_1_222' title='bbox 792 3335 942 3399; x_wconf 82' lang='lat'>55—56:</span> <span class='ocrx_word' id='word_1_223' title='bbox 1597 3415 1617 3456; x_wconf 43' lang='lat' dir='ltr'><em>a</em></span> <span class='ocrx_word' id='word_1_224' title='bbox 1641 3414 1694 3456; x_wconf 56' lang='lat' dir='ltr'><strong><em>m</em></strong></span> 
     </span>
     <span class='ocr_line' id='line_1_25' title="bbox 287 3444 1699 3543; baseline 0.007 -19"><span class='ocrx_word' id='word_1_225' title='bbox 287 3455 390 3536; x_wconf 71' lang='lat' dir='ltr'>„lloc</span> <span class='ocrx_word' id='word_1_226' title='bbox 415 3457 654 3540; x_wconf 86' lang='lat' dir='ltr'>quodcumque</span> <span class='ocrx_word' id='word_1_227' title='bbox 678 3457 778 3536; x_wconf 76' lang='lat' dir='ltr'>vides</span> <span class='ocrx_word' id='word_1_228' title='bbox 803 3459 939 3543; x_wconf 87' lang='lat' dir='ltr'>hospes,</span> <span class='ocrx_word' id='word_1_229' title='bbox 964 3477 1030 3542; x_wconf 92' lang='lat' dir='ltr'>qua</span> <span class='ocrx_word' id='word_1_230' title='bbox 1056 3461 1203 3526; x_wconf 89' lang='lat' dir='ltr'>maxima</span> <span class='ocrx_word' id='word_1_231' title='bbox 1223 3459 1331 3530; x_wconf 86' lang='lat' dir='ltr'>Roma</span> <span class='ocrx_word' id='word_1_232' title='bbox 1356 3467 1413 3539; x_wconf 91' lang='lat' dir='ltr'>est,</span> <span class='ocrx_word' id='word_1_233' title='bbox 1545 3487 1561 3528; x_wconf 78' lang='lat' dir='ltr'>a</span> <span class='ocrx_word' id='word_1_234' title='bbox 1590 3444 1699 3534; x_wconf 72' lang='lat' dir='ltr'>n&#39;vna</span> 
     </span>
     <span class='ocr_line' id='line_1_26' title="bbox 220 3560 1563 3666; baseline 0.002 -17"><span class='ocrx_word' id='word_1_235' title='bbox 220 3560 227 3570; x_wconf 42' lang='grc'><em>“</em></span> <span class='ocrx_word' id='word_1_236' title='bbox 341 3589 417 3650; x_wconf 90' lang='lat' dir='ltr'>ante</span> <span class='ocrx_word' id='word_1_237' title='bbox 442 3581 605 3666; x_wconf 81' lang='lat' dir='ltr'>Phrygem</span> <span class='ocrx_word' id='word_1_238' title='bbox 630 3583 779 3649; x_wconf 84' lang='lat' dir='ltr'>Aeneam</span> <span class='ocrx_word' id='word_1_239' title='bbox 805 3582 901 3650; x_wconf 89' lang='lat' dir='ltr'>collis</span> <span class='ocrx_word' id='word_1_240' title='bbox 925 3589 956 3650; x_wconf 89' lang='lat' dir='ltr'>et</span> <span class='ocrx_word' id='word_1_241' title='bbox 980 3583 1083 3650; x_wconf 88' lang='lat' dir='ltr'>herba</span> <span class='ocrx_word' id='word_1_242' title='bbox 1107 3583 1179 3664; x_wconf 85' lang='lat' dir='ltr'>iuit;</span> <span class='ocrx_word' id='word_1_243' title='bbox 1232 3657 1233 3660; x_wconf 48' lang='lat'>,</span> <span class='ocrx_word' id='word_1_244' title='bbox 1544 3612 1563 3652; x_wconf 71' lang='lat' dir='ltr'>u</span> 
     </span>
    </p>

    <p class='ocr_par' dir='ltr' id='par_1_5' title="bbox 287 3706 1561 3793">
     <span class='ocr_line' id='line_1_27' title="bbox 287 3706 1561 3793; baseline 0.002 -19"><span class='ocrx_word' id='word_1_245' title='bbox 287 3714 385 3793; x_wconf 88' lang='lat' dir='ltr'>atque</span> <span class='ocrx_word' id='word_1_246' title='bbox 411 3708 465 3774; x_wconf 94' lang='lat' dir='ltr'>ubi</span> <span class='ocrx_word' id='word_1_247' title='bbox 490 3707 606 3774; x_wconf 91' lang='lat' dir='ltr'>Navali</span> <span class='ocrx_word' id='word_1_248' title='bbox 630 3715 717 3774; x_wconf 91' lang='lat' dir='ltr'>stant</span> <span class='ocrx_word' id='word_1_249' title='bbox 740 3725 836 3772; x_wconf 89' lang='lat' dir='ltr'>sacra</span> <span class='ocrx_word' id='word_1_250' title='bbox 862 3706 987 3774; x_wconf 88' lang='lat' dir='ltr'>Palatia</span> <span class='ocrx_word' id='word_1_251' title='bbox 1013 3707 1164 3788; x_wconf 89' lang='lat' dir='ltr'>Pboeb0,</span> <span class='ocrx_word' id='word_1_252' title='bbox 1544 3735 1561 3777; x_wconf 77' lang='lat' dir='ltr'>a</span> 
     </span>
    </p>

    <p class='ocr_par' dir='ltr' id='par_1_6' title="bbox 179 3817 1611 4255">
     <span class='ocr_line' id='line_1_28' title="bbox 290 3817 1606 3917; baseline 0.002 -19"><span class='ocrx_word' id='word_1_253' title='bbox 290 3881 292 3884; x_wconf 85' lang='lat'>-</span> <span class='ocrx_word' id='word_1_254' title='bbox 342 3831 486 3899; x_wconf 84' lang='lat' dir='ltr'>Euandri</span> <span class='ocrx_word' id='word_1_255' title='bbox 513 3832 677 3917; x_wconf 79' lang='lat' dir='ltr'>profugae</span> <span class='ocrx_word' id='word_1_256' title='bbox 701 3832 915 3907; x_wconf 89' lang='lat' dir='ltr'>concubuere</span> <span class='ocrx_word' id='word_1_257' title='bbox 937 3833 1053 3900; x_wconf 91' lang='lat' dir='ltr'>boves.</span> <span class='ocrx_word' id='word_1_258' title='bbox 1112 3817 1114 3822; x_wconf 52' lang='grc'>’</span> <span class='ocrx_word' id='word_1_259' title='bbox 1542 3861 1562 3900; x_wconf 72' lang='lat' dir='ltr'>u</span> <span class='ocrx_word' id='word_1_260' title='bbox 1604 3819 1606 3827; x_wconf 71' lang='grc'><strong>’</strong></span> 
     </span>
     <span class='ocr_line' id='line_1_29' title="bbox 186 4001 1514 4073; baseline 0.004 -17"><span class='ocrx_word' id='word_1_261' title='bbox 186 4005 227 4058; x_wconf 83' lang='grc' dir='ltr'>ΙΙΙ</span> <span class='ocrx_word' id='word_1_262' title='bbox 246 4005 310 4070; x_wconf 80' lang='lat'>427,</span> <span class='ocrx_word' id='word_1_263' title='bbox 333 4001 359 4067; x_wconf 86' lang='lat' dir='ltr'>l)</span> <span class='ocrx_word' id='word_1_264' title='bbox 379 4006 408 4057; x_wconf 92' lang='lat' dir='ltr'>et</span> <span class='ocrx_word' id='word_1_265' title='bbox 430 4004 630 4058; x_wconf 89' lang='lat' dir='ltr'>Priscian.</span> <span class='ocrx_word' id='word_1_266' title='bbox 650 4005 685 4059; x_wconf 88' lang='lat'>25</span> <span class='ocrx_word' id='word_1_267' title='bbox 706 4005 746 4073; x_wconf 89' lang='lat' dir='ltr'>(p.</span> <span class='ocrx_word' id='word_1_268' title='bbox 765 4008 831 4072; x_wconf 84' lang='lat'>557,</span> <span class='ocrx_word' id='word_1_269' title='bbox 850 4001 912 4068; x_wconf 82' lang='lat' dir='ltr'>25l:</span> <span class='ocrx_word' id='word_1_270' title='bbox 935 4019 1002 4072; x_wconf 85' lang='lat' dir='ltr'>„per</span> <span class='ocrx_word' id='word_1_271' title='bbox 1025 4006 1085 4058; x_wconf 89' lang='lat' dir='ltr'>loca</span> <span class='ocrx_word' id='word_1_272' title='bbox 1113 4007 1286 4061; x_wconf 90' lang='lat' dir='ltr'>laudationis</span> <span class='ocrx_word' id='word_1_273' title='bbox 1314 4019 1514 4073; x_wconf 89' lang='lat' dir='ltr'>comparamus</span> 
     </span>
     <span class='ocr_line' id='line_1_30' title="bbox 179 4087 1611 4170; baseline -0.001 -24"><span class='ocrx_word' id='word_1_274' title='bbox 179 4097 209 4146; x_wconf 90' lang='lat' dir='ltr'>et</span> <span class='ocrx_word' id='word_1_275' title='bbox 233 4093 333 4146; x_wconf 90' lang='lat' dir='ltr'>urbem</span> <span class='ocrx_word' id='word_1_276' title='bbox 358 4091 454 4159; x_wconf 80' lang='lat' dir='ltr'>urbi‘,</span> <span class='ocrx_word' id='word_1_277' title='bbox 480 4092 592 4146; x_wconf 89' lang='lat' dir='ltr'>Dion.</span> <span class='ocrx_word' id='word_1_278' title='bbox 619 4093 645 4144; x_wconf 88' lang='grc' dir='ltr'>Η</span> <span class='ocrx_word' id='word_1_279' title='bbox 657 4107 673 4146; x_wconf 90' lang='lat' dir='ltr'>a</span> <span class='ocrx_word' id='word_1_280' title='bbox 687 4094 704 4149; x_wconf 95' lang='lat' dir='ltr'>l.</span> <span class='ocrx_word' id='word_1_281' title='bbox 725 4098 780 4149; x_wconf 90' lang='lat' dir='ltr'>art.</span> <span class='ocrx_word' id='word_1_282' title='bbox 795 4096 870 4150; x_wconf 83' lang='lat' dir='ltr'>rhet.</span> <span class='ocrx_word' id='word_1_283' title='bbox 890 4097 917 4162; x_wconf 85' lang='lat'>7,</span> <span class='ocrx_word' id='word_1_284' title='bbox 936 4097 953 4149; x_wconf 91' lang='grc'>5</span> <span class='ocrx_word' id='word_1_285' title='bbox 980 4096 1022 4163; x_wconf 78' lang='grc' dir='ltr'>(ρ.</span> <span class='ocrx_word' id='word_1_286' title='bbox 1039 4096 1102 4160; x_wconf 80' lang='grc'>289,</span> <span class='ocrx_word' id='word_1_287' title='bbox 1118 4091 1178 4158; x_wconf 83' lang='grc'>22);</span> <span class='ocrx_word' id='word_1_288' title='bbox 1200 4088 1249 4150; x_wconf 79' lang='grc' dir='ltr'>ἔτι</span> <span class='ocrx_word' id='word_1_289' title='bbox 1262 4087 1328 4150; x_wconf 69' lang='grc' dir='ltr'>’καὶ</span> <span class='ocrx_word' id='word_1_290' title='bbox 1346 4087 1405 4170; x_wconf 79' lang='grc' dir='ltr'>τὴν</span> <span class='ocrx_word' id='word_1_291' title='bbox 1423 4087 1516 4151; x_wconf 81' lang='grc' dir='ltr'><strong><em>πόλιν</em></strong></span> <span class='ocrx_word' id='word_1_292' title='bbox 1608 4139 1611 4144; x_wconf 90' lang='grc'><em>,</em></span> 
     </span>
     <span class='ocr_line' id='line_1_31' title="bbox 179 4172 776 4255; baseline 0.003 -20"><span class='ocrx_word' id='word_1_293' title='bbox 179 4174 376 4255; x_wconf 82' lang='grc' dir='ltr'><em>παραβαλεῖς</em></span> <span class='ocrx_word' id='word_1_294' title='bbox 394 4173 475 4255; x_wconf 81' lang='grc' dir='ltr'><em>πρὸς</em></span> <span class='ocrx_word' id='word_1_295' title='bbox 498 4172 555 4246; x_wconf 85' lang='grc' dir='ltr'>τὰς</span> <span class='ocrx_word' id='word_1_296' title='bbox 579 4173 687 4249; x_wconf 79' lang='grc' dir='ltr'><em>ἄλλας.</em></span> <span class='ocrx_word' id='word_1_297' title='bbox 774 4177 776 4182; x_wconf 81' lang='grc'><strong>’</strong></span> 
     </span>
    </p>

    <p class='ocr_par' dir='ltr' id='par_1_7' title="bbox 181 4268 1520 4530">
     <span class='ocr_line' id='line_1_32' title="bbox 287 4268 1518 4342; baseline 0.003 -18"><span class='ocrx_word' id='word_1_298' title='bbox 287 4268 309 4335; x_wconf 91' lang='grc'>1)</span> <span class='ocrx_word' id='word_1_299' title='bbox 328 4271 365 4325; x_wconf 91' lang='lat' dir='ltr'>ci.</span> <span class='ocrx_word' id='word_1_300' title='bbox 389 4272 551 4326; x_wconf 89' lang='lat' dir='ltr'>Sueton.</span> <span class='ocrx_word' id='word_1_301' title='bbox 573 4271 695 4340; x_wconf 76' lang='lat' dir='ltr'>August.</span> <span class='ocrx_word' id='word_1_302' title='bbox 715 4276 764 4329; x_wconf 90' lang='lat'>28:</span> <span class='ocrx_word' id='word_1_303' title='bbox 793 4274 919 4340; x_wconf 90' lang='lat' dir='ltr'>„Urbem</span> <span class='ocrx_word' id='word_1_304' title='bbox 940 4274 1066 4327; x_wconf 87' lang='lat' dir='ltr'>excoluit</span> <span class='ocrx_word' id='word_1_305' title='bbox 1087 4276 1169 4339; x_wconf 87' lang='lat' dir='ltr'>aden,</span> <span class='ocrx_word' id='word_1_306' title='bbox 1190 4276 1222 4326; x_wconf 92' lang='lat' dir='ltr'>ut</span> <span class='ocrx_word' id='word_1_307' title='bbox 1242 4274 1301 4327; x_wconf 89' lang='lat' dir='ltr'>iure</span> <span class='ocrx_word' id='word_1_308' title='bbox 1321 4275 1358 4329; x_wconf 88' lang='lat' dir='ltr'>sit</span> <span class='ocrx_word' id='word_1_309' title='bbox 1378 4275 1518 4342; x_wconf 83' lang='lat' dir='ltr'>gloriatus</span> 
     </span>
     <span class='ocr_line' id='line_1_33' title="bbox 181 4361 1520 4429; baseline 0.003 -17"><span class='ocrx_word' id='word_1_310' title='bbox 181 4374 369 4414; x_wconf 88' lang='lat' dir='ltr'>marmoream</span> <span class='ocrx_word' id='word_1_311' title='bbox 389 4374 418 4416; x_wconf 90' lang='lat' dir='ltr'>se</span> <span class='ocrx_word' id='word_1_312' title='bbox 436 4362 603 4428; x_wconf 87' lang='lat' dir='ltr'>relinquere,</span> <span class='ocrx_word' id='word_1_313' title='bbox 626 4375 712 4429; x_wconf 88' lang='lat' dir='ltr'>quam</span> <span class='ocrx_word' id='word_1_314' title='bbox 733 4364 890 4416; x_wconf 89' lang='lat' dir='ltr'>latericiam</span> <span class='ocrx_word' id='word_1_315' title='bbox 911 4361 1096 4429; x_wconf 88' lang='lat' dir='ltr'>accepisset,“</span> <span class='ocrx_word' id='word_1_316' title='bbox 1120 4367 1148 4417; x_wconf 89' lang='lat' dir='ltr'>et</span> <span class='ocrx_word' id='word_1_317' title='bbox 1172 4365 1405 4418; x_wconf 89' lang='lat' dir='ltr'>Iordanum:</span> <span class='ocrx_word' id='word_1_318' title='bbox 1424 4366 1520 4429; x_wconf 86' lang='lat' dir='ltr'>Topo-</span> 
     </span>
     <span class='ocr_line' id='line_1_34' title="bbox 181 4448 1425 4530; baseline 0.009 -28"><span class='ocrx_word' id='word_1_319' title='bbox 181 4451 297 4518; x_wconf 84' lang='lat' dir='ltr'>grapbie</span> <span class='ocrx_word' id='word_1_320' title='bbox 318 4464 375 4503; x_wconf 90' lang='lat' dir='ltr'>von</span> <span class='ocrx_word' id='word_1_321' title='bbox 397 4451 469 4508; x_wconf 81' lang='lat' dir='ltr'>Rom</span> <span class='ocrx_word' id='word_1_322' title='bbox 496 4452 504 4503; x_wconf 97' lang='lat' dir='ltr'>l</span> <span class='ocrx_word' id='word_1_323' title='bbox 527 4451 551 4516; x_wconf 90' lang='lat' dir='ltr'>l,</span> <span class='ocrx_word' id='word_1_324' title='bbox 573 4463 600 4516; x_wconf 91' lang='lat' dir='ltr'>p.</span> <span class='ocrx_word' id='word_1_325' title='bbox 624 4453 666 4506; x_wconf 86' lang='lat'>18.</span> <span class='ocrx_word' id='word_1_326' title='bbox 685 4448 692 4468; x_wconf 67' lang='lat'><em>⁶</em></span> <span class='ocrx_word' id='word_1_327' title='bbox 872 4505 873 4508; x_wconf 74' lang='grc'>,</span> <span class='ocrx_word' id='word_1_328' title='bbox 1424 4527 1425 4530; x_wconf 9' lang='lat'>¹</span> 
     </span>
    </p>

    <p class='ocr_par' dir='ltr' id='par_1_8' title="bbox 181 4535 1534 4700">
     <span class='ocr_line' id='line_1_35' title="bbox 287 4535 1519 4610; baseline 0.002 -18"><span class='ocrx_word' id='word_1_329' title='bbox 287 4535 309 4602; x_wconf 76' lang='lat'>2)</span> <span class='ocrx_word' id='word_1_330' title='bbox 335 4541 364 4592; x_wconf 95' lang='lat' dir='ltr'>ln</span> <span class='ocrx_word' id='word_1_331' title='bbox 383 4541 427 4594; x_wconf 88' lang='lat' dir='ltr'>bis</span> <span class='ocrx_word' id='word_1_332' title='bbox 447 4540 552 4593; x_wconf 83' lang='lat' dir='ltr'>veteris</span> <span class='ocrx_word' id='word_1_333' title='bbox 572 4541 649 4594; x_wconf 90' lang='lat' dir='ltr'>urbis</span> <span class='ocrx_word' id='word_1_334' title='bbox 671 4542 910 4607; x_wconf 88' lang='lat' dir='ltr'>descriptionibus</span> <span class='ocrx_word' id='word_1_335' title='bbox 932 4543 1051 4596; x_wconf 88' lang='lat' dir='ltr'>Ovidius</span> <span class='ocrx_word' id='word_1_336' title='bbox 1081 4542 1225 4608; x_wconf 88' lang='lat' dir='ltr'>permulta</span> <span class='ocrx_word' id='word_1_337' title='bbox 1253 4542 1339 4595; x_wconf 91' lang='lat' dir='ltr'>debet</span> <span class='ocrx_word' id='word_1_338' title='bbox 1368 4541 1519 4610; x_wconf 90' lang='lat' dir='ltr'>Propertio</span> 
     </span>
     <span class='ocr_line' id='line_1_36' title="bbox 181 4628 1534 4700; baseline 0.005 -21"><span class='ocrx_word' id='word_1_339' title='bbox 181 4631 209 4681; x_wconf 90' lang='lat' dir='ltr'>et</span> <span class='ocrx_word' id='word_1_340' title='bbox 228 4628 356 4694; x_wconf 89' lang='lat' dir='ltr'>Tibullo;</span> <span class='ocrx_word' id='word_1_341' title='bbox 376 4629 446 4682; x_wconf 89' lang='lat' dir='ltr'>tales</span> <span class='ocrx_word' id='word_1_342' title='bbox 467 4630 645 4685; x_wconf 89' lang='lat' dir='ltr'>imitationes</span> <span class='ocrx_word' id='word_1_343' title='bbox 675 4643 707 4683; x_wconf 91' lang='lat' dir='ltr'>eo</span> <span class='ocrx_word' id='word_1_344' title='bbox 737 4631 822 4684; x_wconf 90' lang='lat' dir='ltr'>modo</span> <span class='ocrx_word' id='word_1_345' title='bbox 850 4632 897 4683; x_wconf 89' lang='lat' dir='ltr'>bic</span> <span class='ocrx_word' id='word_1_346' title='bbox 914 4631 1123 4700; x_wconf 83' lang='lat' dir='ltr'>significamus,</span> <span class='ocrx_word' id='word_1_347' title='bbox 1153 4633 1186 4684; x_wconf 92' lang='lat' dir='ltr'>ut</span> <span class='ocrx_word' id='word_1_348' title='bbox 1217 4631 1345 4686; x_wconf 89' lang='lat' dir='ltr'>versibus</span> <span class='ocrx_word' id='word_1_349' title='bbox 1367 4631 1534 4692; x_wconf 34' lang='lat' dir='ltr'>ovidianis·</span> 
     </span>
    </p>
   </div>
   <div class='ocr_carea' id='block_1_5' title="bbox 181 4701 1467 4862">
    <p class='ocr_par' dir='ltr' id='par_1_9' title="bbox 181 4701 1467 4862">
     <span class='ocr_line' id='line_1_37' title="bbox 181 4701 1467 4797; baseline 0.003 -27"><span class='ocrx_word' id='word_1_350' title='bbox 181 4717 284 4797; x_wconf 89' lang='lat' dir='ltr'>similes</span> <span class='ocrx_word' id='word_1_351' title='bbox 304 4718 419 4784; x_wconf 91' lang='lat' dir='ltr'>Tibulli,</span> <span class='ocrx_word' id='word_1_352' title='bbox 442 4719 570 4784; x_wconf 88' lang='lat' dir='ltr'>Properti</span> <span class='ocrx_word' id='word_1_353' title='bbox 591 4720 741 4773; x_wconf 87' lang='lat' dir='ltr'>ethorum</span> <span class='ocrx_word' id='word_1_354' title='bbox 763 4721 892 4774; x_wconf 87' lang='lat' dir='ltr'>uersibus</span> <span class='ocrx_word' id='word_1_355' title='bbox 914 4701 999 4774; x_wconf 83' lang='lat' dir='ltr'>dvrar</span> <span class='ocrx_word' id='word_1_356' title='bbox 1019 4721 1196 4775; x_wconf 88' lang='lat' dir='ltr'>imitationes</span> <span class='ocrx_word' id='word_1_357' title='bbox 1216 4721 1428 4776; x_wconf 87' lang='lat' dir='ltr'>adscribantur.</span> <span class='ocrx_word' id='word_1_358' title='bbox 1466 4777 1467 4780; x_wconf 60' lang='grc'>,</span> 
     </span>
     <span class='ocr_line' id='line_1_38' title="bbox 1380 4810 1397 4862; baseline 0 0"><span class='ocrx_word' id='word_1_359' title='bbox 1380 4810 1397 4862; x_wconf 85' lang='grc'>3</span> 
     </span>
    </p>
   </div>
   <div class='ocr_carea' id='block_1_6' title="bbox 0 0 1846 5520">
    <p class='ocr_par' dir='ltr' id='par_1_10' title="bbox 0 0 1846 5520">
     <span class='ocr_line' id='line_1_39' title="bbox 0 0 1846 5520; baseline 0 0"><span class='ocrx_word' id='word_1_360' title='bbox 0 0 1846 5520; x_wconf 95' lang='lat' dir='ltr'> </span> 
     </span>
    </p>
   </div>
  </div>
 </body>
</html>
