3664 5512
333 531 335 538 ·
411 508 462 574 33.
488 523 557 594 non
583 505 682 572 dubia
706 513 756 572 est
781 505 878 571 ithaci
904 505 1090 587 prudentia;
1115 499 1174 571 sed
1194 509 1305 569 tamen
1331 510 1425 586 optat

358 709 360 713 ⁸
522 663 526 678 ›
592 629 720 697 fumum
746 630 787 696 de
813 631 924 712 patriis
950 644 1053 713 posse
1078 629 1187 695 videre
1210 627 1314 695 iocis“

199 801 202 806 ,
305 755 603 822 dubium'videtur
636 772 719 831 esse,
755 763 862 821 utrum
899 754 1035 833 Rutilius
1070 756 1121 820 lric
1146 753 1366 821 Menandrum
1401 759 1561 836 sequatur
1592 771 1634 819 an

304 878 461 948 Ovidium
488 881 596 963 ipsum
610 881 774 984 imitetur,
799 882 893 946 cuius
917 872 1052 962 vestigia
1078 881 1108 944 in
1135 879 1206 976 aliis
1221 895 1359 961 quoque
1375 878 1474 944 liuius
1490 879 1635 944 encomii

304 1005 454 1072 versibus
479 990 736 1088 nonnumquam
763 1006 1013 1088 inveniuntur1).
1061 1003 1217 1070 Ovidium
1243 1011 1364 1080 autem,
1394 1003 1489 1069 cuius
1514 1003 1633 1085 poesin

304 1137 482 1197 cumane
511 1129 711 1197 scholastica
744 1131 908 1196 artissime
933 1116 1146 1196 coniunctam
1172 1145 1246 1194 esse
1271 1145 1341 1196 non
1366 1127 1469 1201 semel
1495 1127 1635 1194 demon-

303 1256 490 1332 stravimus,
523 1256 632 1339 ipsum
668 1273 805 1339 quoque
838 1254 928 1321 illum
956 1253 1094 1321 Homeri
1117 1266 1251 1320 'versum
1278 1273 1317 1320 ex
1342 1253 1503 1336 exemplis
1528 1253 1633 1334 decla-

291 1371 488 1464 'matoriis²)
511 1381 698 1463 sumpsisse
728 1388 758 1446 et
781 1379 925 1448 tortasse
958 1397 998 1445 ex
1022 1378 1143 1454 eodem
1169 1379 1262 1445 tonte
1287 1379 1456 1445 rhetorico
1482 1377 1634 1443 hausisse
1685 1383 1690 1398 ¹

303 1509 400 1587 atque
436 1503 656 1571 Menandrum
691 1506 911 1587 suspicamur.
959 1502 1056 1569 Hunc
1093 1505 1181 1569 enim
1221 1503 1274 1568 illa
1311 1504 1385 1587 περὶ
1421 1511 1635 1569 σοντακιικοῦ

302 1635 480 1712 praccepta
505 1646 573 1695 non
600 1630 708 1712 ipsum
735 1630 977 1712 excogitatisse
1002 1629 1051 1694 vel
1076 1627 1151 1694 inde
1172 1635 1336 1721 apparere
1351 1633 1517 1710 putamus,
1541 1626 1633 1710 quod

302 1752 372 1821 duo
395 1754 485 1820 varia
508 1755 630 1837 scripta
654 1753 785 1820 ostendi
812 1761 923 1836 potest
946 1772 1021 1819 eum
1048 1760 1202 1832 secutum¹
1225 1752 1340 1834 esse2).

408 1956 430 2022 1)
453 1955 542 2017 Rutu.
567 1961 612 2014 15
635 1982 672 2002 =
695 1933 778 2014 onia.
800 1963 834 2014 u.
861 1962 901 2013 ιιι
926 1962 967 2026 12,
986 1961 1034 2016 35:
1065 1960 1142 2012 nitas
1172 1961 1322 2013 nonnullas
1343 1960 1427 2014 ovnu
1454 1961 1630 2016 imitationes

301 2049 448 2116 componit
470 2049 497 2117 J.
518 2048 762 2114 Vessereau,
781 2049 825 2101 ed.
849 2049 939 2106 Rutil.
962 2050 1038 2101 Paris
1062 2050 1140 2114 1904,
1162 2063 1188 2116 p.
1201 2051 1254 2104 386
1274 2063 1316 2117 sq.

300 2171 303 2176 -
407 2133 430 2200 ¹)
454 2131 508 2199 Qui
536 2138 652 2190 Homeri
682 2151 778 2191 versus
810 2139 986 2206 quantopere
1015 2152 1050 2190 ex
1078 2139 1225 2192 rhetorum
1253 2130 1325 2192 ludis
1354 2139 1487 2207 pendeat,
1516 2137 1631 2201 exuis,

303 2241 372 2294 quos
393 2227 521 2294 legimus,
542 2227 608 2280 locis
628 2229 761 2295 apparet:
787 2228 839 2279 Αιι
854 2230 902 2280 tlr.
926 2230 972 2280 Pa
987 2229 1003 2279 l.
1029 2224 1068 2280 lX
1088 2229 1155 2282 395:
1185 2285 1188 2291 ,

280 2331 282 2334 ·
409 2305 485 2380 ,,Ὡς
508 2307 599 2370 οὐδὲν
622 2306 752 2390 γλύκιον
775 2307 813 2390 ής
836 2308 1023 2390 νιάτριδοςιι,
1049 2307 1136 2374 εἶπεν.
1159 2305 1404 2382 Ὀδύσσευς·

460 2398 492 2460 ἐν
515 2396 576 2479 γὰρ
602 2405 668 2469 τοῖς
688 2395 813 2480 Κίρκης
838 2398 972 2479 έκχυτον
996 2397 1055 2460 οὐκ
1079 2398 1207 2480 ἔφαγεν,
1280 2413 1284 2423 “
1424 2463 1426 2466 ,

407 2484 446 2549 οὗ
466 2485 564 2567 μόνον
586 2486 615 2548 εἰ
638 2486 711 2550 καὶ
734 2486 901 2550 κάτινον
925 2485 1261 2570 ἀντοδρώσκοντ’
1287 2487 1488 2567 ἐνόησεν,

437 2573 546 2638 εἶπεν
565 2575 604 2637 ἂν
627 2574 777 2658 οἰμώζειν
800 2575 855 2638 καί
878 2576 958 2640 δέκα
980 2575 1195 2657 Πηνελόπαις,

302 2687 358 2742 quo
387 2675 414 2726 in
443 2674 567 2726 carmine
596 2674 668 2726 aiter
698 2687 810 2741 quoque
842 2675 957 2726 Homeri
988 2687 1084 2727 versus
1113 2688 1128 2726 a
1153 2667 1308 2726 Menandro
1335 2673 1375 2726 lll
1396 2673 1495 2737 433,7
1524 2673 1631 2725 citatus

299 2762 430 2816 affertur.
470 2763 642 2830 Exemplum
672 2764 795 2815 hominis
825 2764 934 2829 patriae
963 2764 1100 2816 desiderio
1130 2764 1208 2830 capti
1241 2763 1337 2816 Ulixes
1366 2761 1488 2814 aiiertur
1506 2763 1632 2815 etiama

301 2851 494 2906 Cicerone
508 2895 514 2918 ,
534 2853 567 2904 de
590 2851 640 2921 leg.
657 2853 719 2918 ιιι,
734 2852 764 2905 3;
788 2852 903 2918 „Quare
915 2854 1092 2905 inestnescio
1106 2853 1174 2921 quid
1193 2854 1223 2904 et
1240 2853 1314 2904 latet
1333 2853 1361 2904 in
1381 2851 1529 2904 animo'ac
1548 2863 1631 2904 sensu

300 2955 373 3007 meo,
394 2955 450 3014 quo
471 2955 515 2994 me
536 2941 597 3007 plus
617 2942 662 2994 lric
683 2938 759 2994 locus
779 2941 899 2994 fortasse
920 2942 1054 3006 delectet,
1072 2942 1215 3009 siquidem
1234 2943 1324 2994 etiarn
1344 2936 1389 3004 ille
1404 2940 1631 3008 sapientissimus

300 3031 353 3096 vir,
387 3031 566 3084 ithacam
599 3032 640 3083 ut
662 3031 845 3095 videret,
874 3031 1125 3084 immortalitatem
1144 3031 1279 3084 scribitur
1298 3027 1489 3097 repu'diasse.“
1534 3029 1631 3082 Etiam

300 3119 420 3188 dignior,
449 3133 520 3188 quae
549 3119 594 3172 iric
614 3120 729 3186 citetur,
758 3121 801 3172 est
822 3119 965 3173 Dionis
986 3120 1192 3188 chrysost.
1221 3121 1255 3172 de
1284 3119 1368 3171 exilio
1395 3119 1497 3184 oratio,
1525 3119 1632 3187 inqua

218 3213 220 3218 ’
302 3208 397 3263 Ulixes
426 3208 570 3262 inducitur
596 3210 626 3261 et
654 3209 698 3261 ille
730 3209 845 3261 Homeri
875 3222 971 3262 versus
1000 3209 1057 3276 ipse
1077 3196 1255 3278 significatur
1274 3209 1321 3275 (de
1347 3208 1412 3260 exii.
1432 3221 1472 3261 or.
1493 3207 1568 3260 Xlll
1588 3203 1631 3269 di:

299 3288 354 3352 καὶ
377 3289 417 3372 δή
441 3288 838 3371 ἀνεμιμνησκόμην
863 3287 1110 3364 Ὀδυσσέως
1142 3311 1177 3352 τε
1200 3287 1276 3372 παρ’
1303 3286 1433 3370 Ὁμήρῳ
1458 3287 1632 3371 κατοδυρο-

298 3379 395 3460 μένου
418 3378 574 3452 πολλάκις
598 3377 704 3452 αὐτόν,
734 3378 847 3461 ἀνδρὸς
878 3381 985 3462 ήραιος
1017 3379 1167 3460 οὐδαμῶς
1200 3401 1234 3441 τε
1267 3377 1423 3441 ἀδυνάτου
1455 3385 1630 3460 καρτερεῖν,

299 3466 402 3531 πολλὰ
431 3468 519 3548 ὅμως
542 3467 656 3538 ἀνάξια
679 3468 829 3549 λέγοντος
853 3468 907 3531 καὶ
930 3468 1124 3551 θρηνοῦντος
1148 3467 1304 3532 ἑκάστοτε
1327 3465 1414 3550 παρὰ
1431 3473 1470 3548 τῇ
1485 3465 1631 3549 θαλάττῃ

298 3556 351 3621 διὰ
383 3555 526 3620 κάδον
559 3562 633 3638 τῆς
665 3556 891 3640 πατρίδος’
927 3559 1019 3631 τέλος
1041 3557 1087 3630 δέ,
1123 3558 1168 3630 ὥς
1191 3579 1289 3639 φησιν
1312 3557 1330 3620 ὁ
1352 3555 1499 3637 ποιητής,
1534 3555 1632 3618 ἕπε·

196 3657 203 3676 “
298 3645 432 3728 δύμει
464 3645 630 3708 καπνὸν
664 3646 775 3709 ἰδεῖν
808 3646 890 3708 ἀιτδ
914 3653 989 3728 τῆς
1013 3647 1149 3712 αὑτοῦ
1176 3645 1521 3729 γήςάνιόντα...
1555 3654 1633 3720 (tan-

212 3793 213 3798 ,
300 3746 396 3812 topere
416 3740 494 3806 eum)
518 3735 690 3818 κατίσχυεν
714 3735 732 3798 ὁ
755 3741 829 3817 τῆς
852 3735 1065 3819 πατρίδος
1088 3734 1229 3809 κάδος
1260 3758 1302 3798 τε
1326 3734 1399 3797 καὶ
1423 3735 1530 3817 ἔρως
1554 3743 1633 3810 (con-

197 3857 200 3863 ’
298 3832 372 3887 ieras
394 3846 508 3902 quoque
530 3833 701 3886 Himerii
722 3835 794 3888 orat.
816 3834 888 3887 Vlll
912 3834 938 3888 l:
959 3823 1172 3891 Ὀδυσσέα
1194 3823 1270 3907 παρ’
1296 3823 1427 3906 Ὁμήρῳ
1457 3821 1633 3906 πατρίδα

297 3911 524 3985 ποθοῦντα
556 3913 611 3977 καί
644 3921 708 3977 τῶν
740 3914 868 3977 οἰκείων
901 3915 958 3996 τήν
980 3914 1117 3996 μνήμην,
1142 3915 1187 3987 είς
1210 3912 1500 3996 ἀρετής“εἰτίδειξιν
1523 3913 1632 3996 ήνειρε

298 4003 402 4078 ξενίας
424 4002 517 4087 χάριν
540 4001 755 4086 ἅγωνοδετεῖν
779 4003 797 4066 ὁ
821 4001 1012 4086 Ἀλκίνοος)
1283 4087 1285 4092 Ι

404 4098 427 4165 ¹)
450 4101 603 4159 Rhetorem
623 4103 745 4155 duorum
764 4104 915 4168 auctorum
934 4102 1042 4169 scripta
1062 4102 1253 4169 composuisse
1274 4113 1364 4168 neque
1385 4102 1453 4168 apte
1466 4099 1632 4153 conexuisse

297 4204 335 4244 ex
362 4190 547 4259 dispositione
576 4191 705 4244 concludi
734 4191 839 4259 potest.
877 4191 1073 4243 Tractandum
1107 4191 1182 4242 enim
1212 4189 1265 4245 sibi
1299 4190 1447 4257 proposuit
1477 4188 1632 4241 Menander

298 4281 389 4348 priore
410 4281 492 4348 parte
512 4280 552 4348 (p.
572 4276 639 4342 431)
658 4282 692 4333 de
708 4281 832 4347 homine,
854 4281 901 4348 qui
918 4282 1036 4333 domum
1053 4293 1215 4333 reversurus
1234 4280 1295 4332 urbi
1309 4280 1455 4345 externae,
1476 4278 1631 4346 posteriore
1662 4347 1665 4352 Ι

298 4371 337 4438 (p.
357 4365 517 4432 432-434)
544 4371 643 4423 autem
672 4371 705 4422 de
726 4370 797 4436 viro,
828 4370 875 4438 qui
905 4382 1017 4438 peregre
1047 4368 1226 4437 proiecturus
1256 4369 1318 4421 urbi
1348 4368 1457 4436 patriae
1486 4367 1630 4421 valedicit.

298 4460 405 4512 Tamen
426 4459 453 4512 in
472 4461 526 4512 hac
545 4460 700 4528 posteriore
721 4462 802 4527 parte
823 4460 975 4527 praecepta
995 4460 1111 4522 dantur,
1132 4449 1204 4525 q'uae
1224 4460 1260 4510 ad
1281 4458 1401 4525 priorem
1419 4457 1503 4510 modo
1519 4457 1631 4524 partem

298 4550 458 4602 revocanda
477 4550 545 4602 sunt
564 4550 604 4617 (p.
624 4549 688 4615 432,
712 4544 843 4614 10-23);
862 4549 938 4601 irunc
957 4561 1079 4601 errorem
1099 4543 1253 4600 Menander
1272 4548 1330 4614 ipse
1351 4543 1424 4600 vidit
1452 4549 1482 4599 et
1510 4545 1552 4599 bis
1573 4559 1633 4598 cor-

298 4638 385 4709 rigere
414 4639 514 4694 studet
532 4641 571 4706 (p.
592 4638 655 4693 432.
680 4633 737 4700 ι4);
764 4636 859 4694 τοῦτο
883 4628 919 4694 δέ
942 4650 994 4691 σοι
1018 4626 1153 4712 ἁρμόσει
1176 4629 1280 4711 λέγειν
1304 4627 1363 4714 οὐχ
1387 4629 1463 4691 ὅταν
1487 4625 1551 4691 ἀνιδ
1575 4631 1633 4712 τῆς
