3682 5520
268 211 477 352 ‚18

340 459 455 528 Sidon.
476 459 587 543 apori.
602 477 627 525 c.
643 460 672 536 2,
696 459 760 525 332
787 455 950 538 „Tiberini
976 457 1187 556 antrum“)1)‚
1215 457 1303 522 utin
1329 456 1468 523 scholae
1490 463 1671 540 consuetu-

341 584 451 652 dinem
478 601 551 650 eam
575 565 738 651 transisse
760 582 1016 678 suspicemurii.
1106 643 1107 647 ,

60 766 62 774 ,
164 727 304 778 uenturo
446 707 511 776 Sed
537 709 620 775 baec
644 707 685 773 de
710 703 1040 797 Tiberis'iaudibus„
1073 705 1159 773 Cum
1190 713 1302 804 autem
1335 704 1376 772 ad
1408 705 1497 772 hunc
1526 707 1606 790 πρὸς
1630 706 1672 771 τὰ

24 827 54 858 ¹*
139 861 142 865 ·
177 798 285 912 mfflu'
340 835 442 900 ὕδατα
471 833 583 900 iocum
610 831 712 900 *etiam
736 831 857 908 fontes,
882 849 970 916 quos
995 831 1241 916 praedicandos
1267 849 1342 898 esse
1366 829 1673 897 docetiiienander

24 949 25 958 '
342 957 376 1025 lii
401 960 474 1036 349,
508 959 559 1037 26,
592 957 786 1042 pertineant,
820 957 960 1025 breviter
991 958 1068 1024 talia
1107 955 1236 1026 Romae
1274 957 1431 1024 encomia
1471 954 1671 1044 adiciamus;

342 1083 473 1166 scripsit
514 1083 603 1149 enim
647 1081 811 1148 Cicero
853 1082 937 1166 (rep.
968 1081 990 1149 11
1026 1082 1081 1166 ii)
1127 1080 1308 1151 Romulum
1356 1078 1554 1148 condendae
1601 1081 1672 1146 urbi

135 1257 138 1265 .
343 1206 505 1292 delegisse
553 1207 664 1274 iocum
712 1190 861 1274 fontibus
916 1205 1157 1285 abundantem
1209 1223 1316 1290 neque
1368 1205 1469 1288 longe
1520 1203 1674 1270 differunt

167 1317 180 1430 j
245 1365 246 1369 κ
343 1330 609 1402 nutritios:
695 1360 698 1371 ·
894 1331 896 1335 ⁴
1409 1403 1413 1411 ,

505 1454 595 1536 „Nec
619 1457 730 1523 minus
754 1463 785 1523 et
810 1457 957 1541 propriis
980 1456 1188 1532 celebrantur
1213 1455 1344 1546 roscida
1369 1455 1461 1522 venis
1562 1495 1570 1512 ι

594 1588 736 1665 totaque
759 1582 871 1649 nativo
897 1581 1034 1648 moenia
1056 1581 1150 1649 tonte
1174 1586 1329 1658 sonant‘f,

343 1712 375 1772 et
403 1681 720 1774 Cassiodorus
749 1723 815 1773 var.
845 1705 879 1772 ill
903 1707 954 1783 53,
972 1701 1019 1773 o:
1055 1704 1161 1786 „Nam
1192 1705 1346 1788 quamvis
1376 1697 1529 1774 Romana
1562 1705 1676 1770 civitas

343 1831 439 1914 aquis
463 1829 610 1898 abundet
633 1831 762 1915 irriguis
786 1831 894 1914 sitque
918 1829 1068 1898 tontibus
1092 1819 1243 1913 gaudens
1267 1836 1299 1896 et
1317 1799 1507 1897 'formarum
1538 1827 1676 1928 inunda-

341 1955 435 2022 tione
459 1953 621 2022 ditissima
645 1961 735 2040 eqs“

452 2077 585 2146 Praeter
615 2097 729 2164 aquas
744 2097 825 2148 vero
856 2081 888 2146 in
920 2080 998 2148 ioco
1029 2079 1092 2144 ἀπὸ
1121 2080 1248 2154 θέσεως
1275 2065 1377 2149 'etiam
1405 2085 1540 2147 montes
1570 2078 1677 2148 laudis
1745 2059 1749 2065 ⁸

255 2293 256 2296 Ἴ
344 2205 478 2288 copiam
510 2204 669 2289 praebere
699 2204 851 2272 rhetores
875 2211 1012 2272 censent
1044 2205 1098 2289 (ci.
1123 2201 1282 2288 Hermog.
1317 2222 1347 2287 p.
1375 2207 1427 2282 15,
1455 2208 1486 2281 i;
1521 2203 1677 2271 Menand.

346 2328 484 2407 111383,
516 2329 579 2414 15).
627 2329 732 2411 Atque
767 2328 930 2416 Cicero
951 2329 1126 2424 'nonnulla
1159 2329 1201 2396 de
1235 2327 1410 2396 montibus
1442 2326 1570 2398 Romae
1589 2327 1678 2394 dicit

239 2529 269 2547 Ι,
346 2454 430 2540 (rep.
455 2453 477 2520 ΙΙ
505 2453 569 2538 ii).
617 2452 719 2534 Laudi
749 2454 837 2524 enim
863 2455 891 2519 ei
915 2453 1042 2522 videtur
1071 2472 1146 2522 esse
1174 2445 1257 2532 urbi,
1285 2453 1378 2538 quod
1402 2471 1446 2520 ex
1467 2455 1677 2537 omniparte

259 2574 261 2583 '
346 2576 459 2644 arduis
484 2579 736 2662 praeruptisque
761 2579 932 2646 montibus
956 2579 1050 2662 quasi
1077 2580 1189 2646 nativo
1215 2578 1382 2662 praesidio
1412 2577 1614 2646 circumdata
1638 2579 1697 2645 sit·

347 2710 379 2790 et
413 2720 492 2783 „arx
522 2703 733 2770 circumiectu
765 2702 872 2770 arduo
906 2709 937 2769 et
966 2704 1061 2786 quasi
1086 2703 1303 2770 circumciso
1322 2695 1428 2771 saxo“
1453 2705 1589 2786 nitatur,
1624 2709 1679 2782 „ut

347 2828 446 2895 etiam
465 2829 509 2894 in
541 2827 595 2895 iila
624 2833 822 2912 tempestate
852 2793 1000 2894 borribiii
1031 2826 1159 2894 Gallici.
1179 2826 1342 2896 adventus
1372 2805 1551 2896 incolumis
1581 2834 1679 2912 atque

347 2953 470 3019 intacta
508 2953 765 3039 permanserit“;
804 2952 925 3036 quibus
963 2953 994 3018 in
1033 2954 1141 3020 verbis
1178 2954 1331 3024 rhetores
1359 2955 1587 3036 agnoscimus,
1623 2931 1684 3037 qui

349 3047 555 3161 praecipiunt
593 3063 808 3161 (uen'anu.
838 3077 873 3143 rrr
903 3079 976 3154 350,
1007 3078 1079 3161 tn:
1112 3080 1151 3142 ru
1173 3079 1231 3161 pu
1254 3080 1359 3143 wrm
1381 3088 1472 3143 πᾶσα
1503 3077 1542 3162 (ἡ
1565 3078 1677 3160 πόλις)

348 3204 380 3266 ἐν
400 3205 494 3290 ὄρει-Ι.
510 3252 516 3264 .
531 3251 558 3264 ..
581 3202 751 3286 (λεκτέον)
845 3204 894 3266 ὅτι
914 3202 1071 3285 αὐτοφυὲς
1088 3212 1196 3287 τεῖχος
1215 3203 1270 3272 καὶ
1289 3203 1495 3288 ἀπρόσβατον
1513 3205 1678 3285 κέκτηται.

349 3325 515 3398 Conieras
539 3344 668 3410 quaeso
692 3326 965 3393 Strabonem
991 3326 1019 3392 V
1043 3328 1072 3406 3,
1097 3328 1126 3405 7,
1151 3327 1206 3394 ubi
1231 3332 1384 3394 accurate
1408 3317 1535 3412 singuli
1553 3325 1681 3396 Romae

456 3530 478 3596 1)
505 3535 600 3588 Etiam
627 3535 655 3587 in
681 3533 807 3587 carmine
834 3535 936 3600 poetae
963 3535 1053 3588 nostri
1081 3533 1109 3602 j.
1136 3535 1169 3588 V.
1189 3549 1217 3588 v.
1241 3533 1449 3594 Scirefiel:
1481 3533 1557 3600 „Der
1582 3535 1681 3586 Trom-

350 3625 429 3690 peter
449 3637 505 3676 von
529 3621 711 3693 Satricingen“
731 3623 840 3676 Tiberis
861 3623 987 3675 bumana
1006 3625 1098 3690 specie
1118 3624 1263 3690 induitur;
1290 3624 1409 3693 legimus
1429 3624 1504 3676 enim
1525 3623 1552 3675 in
1572 3624 1680 3690 capite:

352 3713 424 3779 „Ein
446 3710 644 3767 Wiederseiren
665 3714 692 3766 in
715 3710 807 3770 Rom“
828 3712 965 3781 inscripto
986 3713 1061 3782 (cap.
1083 3710 1163 3776 XVi:

687 3820 689 3824 ¹
769 3803 877 3869 „Trtige
897 3802 981 3855 waitzt
1002 3804 1051 3855 der
1070 3802 1162 3856 Tibris
1182 3803 1257 3856 seine

788 3890 916 3944 Blonden
936 3888 1044 3944 Wellen

789 4159 883 4212 Unten
904 4159 957 4212 tiei
975 4159 1013 4211 im
1028 4141 1245 4227 Wellengrunde

788 4248 846 4301 Sass
865 4250 914 4302 der
934 4248 999 4302 Alte
1019 4249 1078 4302 und
1098 4261 1127 4302 er
1148 4249 1291 4302 brummte

832 4337 983 4405 (Sequitur
1002 4339 1096 4391 oratio
1114 4338 1223 4394 Tiberis
1231 4334 1251 4401 t)

458 4423 481 4490 ²)
508 4425 696 4494 Kehding
722 4425 739 4478 1.
758 4439 783 4479 c.
804 4439 832 4492 p.
855 4427 887 4479 17
917 4427 1065 4480 Claudiani
1091 4441 1175 4482 usum
1202 4428 1326 4481 Tiberim
1354 4427 1398 4480 vel
1433 4427 1554 4484 Romam
1590 4428 1681 4494 ipsam

353 4516 501 4583 loquentes
521 4515 644 4569 faciendi
663 4516 812 4582 componit
831 4528 895 4569 cum
916 4518 969 4570 hoc
985 4516 1133 4571 Menandri
1154 4518 1307 4584 praecepto
1327 4517 1462 4584 (111374‚
1482 4512 1524 4578 6):
1544 4508 1684 4572 ἐνταῦθα
1771 4573 1781 4595 μ

352 4595 465 4679 καιρὸν
478 4597 559 4675 ἕξεις
637 4594 912 4678 pmnqrautidrrep
933 4597 966 4660 ἐν
980 4596 1117 4680 δράματι
1136 4596 1263 4680 ἢχώρᾳ
1281 4599 1302 4680 ἢ
1317 4604 1455 4680 ποταμῷ
1474 4596 1681 4678 περιτιθέναι.
1748 4595 1770 4666 μ’

1629 5004 1636 5012 η
1749 4656 1834 5129 r
