3682 5520
1489 300 1525 365 51

192 533 260 586 var.
286 509 320 584 lll
340 515 397 584 21:
440 510 513 595 „ubi
546 523 638 584 tanta
671 517 844 584 moenium
881 517 990 600 possit
1023 514 1142 599 respici
1177 512 1430 597 pulchritudo?“
1464 531 1529 579 var.

193 641 227 709 lll
252 645 303 720 29,
327 645 361 709 2:
387 643 489 721 „inter
507 647 563 709 'tot
585 641 710 708 decora
735 642 938 708 moenium“.

297 785 362 854 Sed
392 786 474 852 haec
507 785 642 852 leviora.
691 783 746 850 illa
765 790 882 850 autem
909 784 1021 867 gravia
1055 791 1086 851 et
1119 797 1251 866 magna,
1285 800 1371 865 quae
1395 781 1436 848 de
1461 781 1527 849 hoc

191 918 392 996 argumento
425 910 566 994 legimus
599 910 687 993 apud
712 893 913 976 Strabonem
948 916 980 976 et
1003 909 1191 976 Aristidem.
1238 907 1404 976 Strabo
1437 907 1525 974 enim
1569 987 1574 1002 U

191 1007 274 1103 haec
284 1036 384 1103 verba
394 1035 435 1102 ad
449 1053 567 1102 muros
581 1036 670 1103 urbis
683 1035 878 1119 pertinentia
888 1035 1021 1102 exhibet
1031 1033 1075 1119 (V
1086 1036 1116 1112 3,
1127 1037 1155 1113 7,
1167 1053 1197 1118 ρ.
1208 1035 1283 1112 371,
1293 1036 1314 1100 8
1326 1032 1394 1116 hl:
1406 1034 1464 1098 καί
1469 1057 1527 1116 μοι

189 1139 340 1227 δοκοῦσιν
363 1161 397 1226 οἱ
417 1169 543 1245 πρῶτοι
565 1161 620 1226 τόν
645 1161 741 1225 αὐτὸν
764 1162 874 1244 λαβεῖν
897 1157 1107 1245 διάλογισμδν
1138 1162 1215 1244 περί
1243 1183 1279 1224 τε
1303 1167 1395 1243 σφῶν
1419 1135 1525 1222 αὐτῶν

189 1289 244 1352 καὶ
266 1279 340 1371 περί
362 1295 428 1353 τῶν
450 1290 594 1372 ὕστερον,
619 1288 702 1352 διότι
721 1288 898 1371 Ῥωμαίοις
920 1295 1084 1371 προσῆκεν
1107 1288 1166 1351 οὐκ
1190 1286 1254 1350 ἀπὸ
1268 1292 1334 1351 τῶν
1349 1284 1524 1368 ἐρυμάτων,

188 1413 270 1478 ἀλλὰ
293 1414 358 1478 ἀπὸ
381 1389 447 1479 τῶν
471 1416 579 1479 ὅπλων
603 1414 658 1478 καί
681 1419 740 1495 τῆς
761 1415 884 1490 οἰκείας
906 1415 1023 1496 ἀρετής
1056 1413 1140 1496 ἔχειν
1172 1412 1230 1496 τὴν
1260 1409 1437 1493 ἀσφάλειαν
1469 1409 1524 1473 καὶ

187 1541 376 1624 τὴνάλλην
409 1540 569 1623 εὐπορίαν,
602 1540 897 1624 προβλήματα
938 1539 1202 1622 νομίζοντες
1236 1538 1282 1601 ού
1314 1537 1364 1601 τὰ
1396 1535 1523 1619 τείχη

186 1673 284 1739 τοῖς
307 1665 539 1750 ἀνδράσιν,
565 1665 675 1730 ἀλλὰ
698 1666 800 1740 τούς
823 1667 986 1748 ἄνδρας
1009 1664 1106 1740 τοῖς
1138 1664 1366 1747 τείχεσιν,·
1400 1679 1466 1746 qua
1492 1662 1523 1727 in

187 1786 285 1856 laude
308 1788 508 1856 Strabonem
534 1789 710 1856 minusad
737 1790 827 1856 illum
853 1789 1008 1857 Alcaei
1034 1806 1166 1856 versum
1199 1787 1271 1872 (irg.
1296 1789 1337 1856 23
1363 1786 1522 1873 Bergk):
1567 1815 1569 1819 ·

186 1915 297 1998 ἄνδρες
325 1915 448 1998 πόληος
474 1915 597 2000 πύργος
624 1915 756 2000 ἀρεύϊοι,
789 1883 852 1982 συί
874 1924 996 2000 poetae
1027 1915 1113 1982 hanc
1144 1916 1343 1982 sententiam
1377 1913 1524 1999 deberll)

185 2038 280 2106 lacile
305 2040 468 2118 concedo,
492 2042 697 2124 spectavisse
721 2059 900 2128 censemus
935 2059 1037 2124 quarn
1072 2039 1113 2106 ad
1139 2046 1317 2126 praecepta
1342 2040 1523 2118 rhetorum,

185 2165 240 2247 qui
266 2182 363 2230 versu
390 2171 511 2249 poetae
545 2167 576 2232 in
604 2172 701 2232 us'um
727 2167 867 2234 scholae
889 2164 1053 2233 translato
1087 2164 1169 2252 haec
1203 2165 1327 2232 docent
1350 2165 1522 2248 (Menand.

186 2288 318 2370 111377,
346 2293 415 2376 15):
439 2291 477 2354 οὐ
501 2292 692 2374 δεδοίκαμεν
715 2294 907 2375 βαρβάρους,
942 2293 979 2356 οὐ
1002 2293 1186 2374 πολεμίους,
1221 2290 1423 2376 ὀχυρώτερον
1455 2299 1523 2367 τοῖς

183 2415 345 2497 βασιλέως
362 2419 479 2492 ὅπλοις
502 2417 733 2502 τετειχίσμεύα
754 2421 775 2502 ἢ
800 2427 868 2494 τοῖς
890 2419 1030 2502 τείχεσιν
1054 2417 1089 2481 αἱ
1109 2417 1229 2491 πόλεις.

292 2573 397 2644 Etiam
422 2578 653 2645 Aristides
685 2579 828 2646 eandem
864 2597 933 2646 rem
962 2578 1137 2646 nonnullis
1159 2578 1262 2662 tangit
1285 2578 1409 2656 verbis;
1443 2596 1519 2644 curn

183 2707 295 2768 autem
321 2702 393 2769 eius
417 2709 524 2770 aetate
550 2701 658 2772 Roma
693 2690 764 2788 ipsa
798 2705 974 2770 immunita
997 2704 1102 2782 luerit,
1136 2721 1200 2786 pro
1224 2704 1315 2788 urbis
1340 2703 1521 2771 moenibus

183 2825 295 2892 laudat
328 2821 533 2895 munitiones
567 2829 598 2893 in
632 2827 755 2896 linibus
789 2830 917 2912 imperii
951 2835 1144 2906 exstructas,
1182 2845 1253 2912 quo
1291 2829 1322 2894 in
1362 2829 1521 2895 encomio

182 2949 354 3019 rhetorum
390 2969 521 3018 morem
555 2959 690 3019 secutus
732 2953 762 3018 id
797 2953 888 3036 quod
924 2953 1059 3020 laudare
1093 2971 1162 3020 non
1197 2960 1309 3036 potest
1341 2955 1520 3037 vituperat;

180 3074 258 3142 dicii
290 3078 378 3144 enim
414 3077 499 3172 (le
533 3080 607 3144 οὔτε
639 3079 724 3143 κατὰ
757 3080 814 3162 τὴν
844 3079 1112 3162 Λακεδαιμονίων
1141 3080 1314 3143 αὐθάδειαν
1338 3079 1521 3162 ἀτείχιστον

178 3203 219 3264 ἀν
249 3197 438 3285 προσείποις
467 3203 561 3286 τήνδε
584 3205 642 3287 τήν
672 3205 765 3269 πόλιν
801 3187 869 3269 οὔτ’
903 3205 945 3268 αὖ
975 3205 1107 3289 τειχήρη
1139 3205 1223 3270 κατὰ
1246 3207 1304 3288 τήν
1325 3203 1521 3287 Βαβυλῶνος

178 3327 452 3409 λαμπρότητα...
479 3328 639 3393 ἀλλὰκαὶ
663 3337 776 3394 τοῦτον
800 3330 855 3394 τόν
879 3330 1045 3424 τειχισμὸν
1067 3330 1198 3393 παιδιὰν
1222 3331 1277 3393 καὶ
1300 3330 1452 3412 γυναικός
1476 3330 1520 3407 ὡς

178 3453 313 3534 ἀληθῶς
338 3454 431 3536 ἔργον
456 3452 649 3544 ἀπεφήνατε·
686 3455 766 3536 αὐτῇ
790 3455 933 3538 μὲνγὰρ
967 3462 1007 3538 τῇ
1029 3443 1124 3519 πόλει
1145 3457 1329 3537 περιβαλεῖν
1351 3455 1392 3520 τὰ
1415 3455 1517 3538 τείχη,

177 3575 246 3641 οἷον
270 3578 529 3661 ἀποκρύπτοντες
553 3579 694 3663 αὐτήνή
725 3579 897 3662 φεύγοντες
920 3580 995 3654 τοὺς
1023 3580 1197 3662 ὑπηκόους,
1229 3581 1358 3664 ἀγεννές
1380 3604 1416 3645 τε
1439 3581 1520 3645 εἶναι

177 3703 234 3800 καὶ
257 3704 294 3766 οά
316 3703 397 3798 πρὸς
420 3710 478 3786 τῆς
501 3704 602 3784 ἄλλης
625 3705 766 3780 διανοίας
790 3705 970 3786 ἐνσμίσατε,
1006 3704 1074 3768 οἷον
1108 3703 1139 3768 εί
1168 3727 1216 3780 τις
1249 3706 1411 3788 δεσπότης
1433 3705 1518 3769 δεικ-

152 3827 284 3906 Ινύοιτο
307 3829 382 3904 τούς
406 3829 524 3918 ἑαυτοῦ
545 3807 679 3904 δούλους
703 3829 912 3912 φοβούμενος.
948 3835 1066 3914 τειχῶν
1089 3854 1127 3912 γε
1149 3831 1213 3913 μήν
1238 3830 1296 3893 οὐκ
1319 3830 1515 3913 ἠμελήσατε,

175 3953 336 4018 τοῦτοδὲ
360 3961 400 4037 τῇ
423 3955 507 4039 ἀρχή
529 3955 749 4039 περιεβάλετε,
775 3955 812 4018 οὐ
836 3962 876 4038 τῇ
899 3956 1003 4020 πόλει.

286 4110 486 4196 Exprimitur
510 4114 653 4200 denique
678 4116 769 4182 urbis
793 4115 980 4199 amplitudo
1006 4132 1076 4181 uno
1100 4113 1264 4182 adiectivo
1289 4115 1516 4192 „maxima“
1546 4113 1704 4158 ”mmm

175 4235 341 4322 avergli.
370 4225 452 4306 Aen'.
476 4236 506 4304 V
530 4241 610 4316 600;
646 4239 795 4324 Propert.
822 4239 863 4306 lV
890 4243 915 4316 l,
948 4242 979 4320 l;
1018 4239 1157 4305 Martial.
1181 4238 1234 4305 Vll
1266 4242 1317 4317 96,
1347 4241 1381 4317 2;
1412 4259 1514 4307 cann.

175 4360 249 4428 adv,
274 4362 486 4440 Marc.1119‚
511 4366 531 4429 ό
556 4363 682 4448 (hligne
709 4363 792 4430 Patr.
813 4362 844 4442 ll,
870 4383 899 4448 p.
918 4364 1029 4448 1077),
1055 4364 1105 4430 vel
1131 4370 1327 4449 „magna“
1352 4365 1393 4430 ab
1419 4361 1515 4431 Ouid.

283 4547 305 4614 ¹)
333 4551 369 4605 cl.
393 4552 426 4605 U.
448 4553 482 4604 de
505 4523 673 4605 Wilam⁴o
685 4539 795 4606 witz:
819 4553 932 4606 Griech.
955 4553 1102 4607 Lesebuch
1128 4554 1154 4605 ll
1185 4554 1213 4618 2,
1241 4567 1270 4620 p.
1293 4554 1356 4608 154:
1388 4553 1513 4620 „Strabo

175 4639 266 4694 denirt
285 4653 321 4692 an
341 4642 422 4693 einen
443 4642 672 4708 sprichwo'rtlich
692 4642 880 4710 gewordenen
904 4643 971 4696 Vers
992 4645 1040 4698 des
1062 4639 1211 4696 Allraios“.
1325 4699 1331 4724 v

651 4741 653 4745 .
1386 4731 1421 4786 4*
