3664 5512
334 537 481 612 Ἥλιος
506 535 670 621 Ἁρμονίην
685 538 790 602 ,ἀνιὼν
813 538 875 601 ὑπὸ
898 524 1168 622 χεροίόαμεῑοαν
1220 527 1222 530 ’

438 670 555 736 κεῖνον,
580 663 759 744 Γερμανίην
782 661 879 725 όέίόε
903 663 1147 745 κατερχόμενος.

174 784 246 852 xvi
271 788 337 853 sao
361 787 408 870 (n
434 754 748 868 constantinum

334 909 575 993 Zinzerling,
601 911 755 986 ὃόσιός
778 935 824 985 τε,
849 914 1053 994 μεσημβρίης
1076 936 1122 986 τε,
1148 913 1202 976 καί
1226 915 1347 996 ἄρκτου

333 1039 389 1112 σός
413 1036 531 1119 δρόμος
554 1009 694 1120 όηιιφαης
718 1036 940 1119 ἀμφιβέβηκεν
964 1039 1068 1118 ὅρους,

292 1177 295 1180 “
332 1160 450 1244 ἅμόιτε
471 1160 707 1225 Κωνσταντῖνε.
1025 1166 1027 1170 ’

173 1301 392 1370 Priscian.
418 1303 446 1379 2,
472 1304 536 1369 263
560 1303 607 1386 (in
632 1302 878 1386 anastasium:
949 1281 951 1286 ¹

196 1443 201 1452 ’
253 1509 255 1516 y
335 1425 397 1507 „Ut
421 1427 473 1494 soi
498 1445 632 1495 oceano
656 1428 778 1495 tollens
803 1442 1026 1512 mergensque
1051 1428 1178 1512 iugales

333 1560 445 1619 cernat
469 1552 633 1620 Anastasii
662 1553 785 1618 llorere
814 1524 873 1636 per
902 1554 1018 1620 omnia
1048 1560 1204 1620 nomen.“

281 1675 445 1744 Exhibent
472 1685 581 1743 autem
612 1677 710 1743 etiarn
732 1678 876 1760 prosaici
897 1677 1038 1744 eandem
1060 1678 1188 1762 imperii
1210 1676 1351 1746 Romani
1372 1677 1504 1745 laudern

161 1809 222 1869 ut:
248 1801 431 1870 Sallust.
451 1803 480 1868 b.
500 1801 593 1869 Catil.
612 1806 666 1896 36,
682 1806 718 1868 4;
741 1800 911 1886 ,(ΡορυΙο
932 1801 1104 1886 Romano)
1124 1802 1165 1868 ad
1186 1819 1346 1870 occasum
1368 1804 1409 1870 ab
1429 1811 1526 1871 ortu¹
1625 1803 1628 1810 '

172 1928 257 1995 solis
270 1928 387 1994 omnia
402 1926 528 1995 domita
543 1930 645 1994 armis
660 1933 844 2010 parerenu,
862 1925 1030 2010 Dionys.
1048 1925 1130 1993 tlal.
1146 1927 1155 1994 l
1172 1929 1201 2004 3,
1220 1930 1264 1994 3ι
1278 1928 1318 2012 (ἡ
1334 1927 1507 2011 Ῥωμαίων

170 2053 284 2136 πόλις)
303 2053 452 2136 πρώτη
473 2077 493 2116 κ
505 2054 546 2116 αἱ
564 2053 709 2137 μόνη1)
730 2062 795 2118 τῶν
813 2054 851 2117 ἐκ
871 2061 930 2117 τοῦ
947 2053 1066 2128 παντὸς
1087 2054 1202 2128 αἰῶνος
1220 2055 1507 2136 μνημονευομένων

172 2177 330 2253 ἀνατολὰς
353 2178 408 2241 καί
432 2178 538 2252 δύσεις
562 2163 655 2261 ὅρους
677 2178 879 2261 ποιησαμένη
903 2184 962 2260 τῆς
985 2178 1183 2255 δυναστείας.
1240 2181 1245 2186 “

280 2361 302 2428 1)
321 2365 368 2417 'De
391 2366 445 2419 alio
466 2379 579 2433 quoque
596 2366 655 2418 loco
676 2367 826 2431 rhetorico,
846 2366 899 2418 etsi
915 2379 971 2418 non
987 2367 1041 2418 huc
1062 2365 1195 2434 pertinet,
1214 2379 1305 2434 pauca
1325 2366 1505 2420 disseramus.

174 2455 248 2508 Nam
270 2454 423 2524 Dionysius
446 2455 547 2522 Halic„
576 2469 641 2507 cum
664 2455 813 2508 scriberet:
836 2444 950 2528 πρώτη
974 2446 1029 2509 καί
1052 2445 1133 2528 μόνη
1147 2454 1223 2522 Ιτῶν
1240 2447 1283 2510 -ἐκ
1306 2454 1366 2511 τοῦ
1386 2447 1506 2522 παντὸς

173 2535 289 2611 αἰῶνος
307 2537 602 2618 μνημονευομένων,
623 2547 698 2596 hunc
719 2545 892 2598 laudationis
913 2545 1006 2597 locum
1025 2558 1042 2596 a
1061 2526 1300 2598 declamatoribus
1321 2546 1506 2613 praeceptum

172 2646 231 2686 esse
251 2634 303 2687 sibi
324 2634 451 2688 conscius
468 2633 582 2687 videtur
601 2633 696 2710 tuisse.
727 2633 839 2686 Docent
857 2634 932 2686 enim
953 2634 1124 2688 Aristot.
1145 2635 1217 2688 rhet.
1239 2636 1247 2687 l
1268 2635 1284 2687 9
1303 2631 1343 2701 (p.
1359 2634 1404 2701 38,
1424 2636 1441 2690 5
1461 2636 1505 2689 ed.

176 2721 250 2791 Sp.):
270 2714 427 2796 χρηστέον
442 2713 477 2778 δὲ
492 2713 627 2777 καὶτῶν
642 2714 824 2795 αόξητιιιῶν
837 2713 980 2788 πολλοῖς,
1001 2713 1068 2778 οἷον
1087 2715 1124 2777 εἰ
1142 2715 1195 2796 μό
1204 2738 1220 2777 ν
1231 2738 1275 2788 ος
1293 2704 1322 2797 ἥ
1332 2735 1383 2796 πρ
1396 2722 1423 2778 ώ
1433 2737 1451 2777 τ
1462 2739 1506 2789 ος

171 2805 193 2886 ἥ
215 2802 287 2885 μετ’
312 2804 431 2885 ὀλίγων
450 2805 475 2885 ’ἥ
498 2803 553 2866 καί
571 2804 718 2885 μάλιστα
739 2804 916 2885 πεποίηκεν
945 2812 992 2881 (ci.
1013 2813 1120 2866 Theon.
1146 2814 1172 2865 ll
1200 2813 1260 2878 110,
1279 2808 1337 2880 21),
1367 2812 1506 2867 cicero

172 2902 207 2955 de
232 2903 303 2955 orat.
326 2902 347 2953 ll
367 2901 434 2956 347:
461 2902 643 2969 „Sumendae
668 2905 766 2954 autem
787 2915 828 2954 res
852 2904 937 2953 erunt
960 2902 1012 2953 aut
1032 2902 1229 2970 magnitudine
1245 2902 1435 2969 praestabiles
1455 2903 1507 2954 aut

174 2991 305 3045 novitate
325 2991 432 3059 primae
452 2992 504 3044 aut
524 3004 622 3059 genere
643 2991 703 3058 ipso
723 2989 909 3059 singulares“,
934 2990 1075 3051 Quinti
1089 2991 1113 3042 li
1126 3004 1180 3044 an.
1201 2991 1267 3045 inst.
1288 3003 1327 3054 or.
1349 2989 1390 3045 lli
1411 2992 1437 3056 7,
1461 2990 1505 3044 16;

176 3081 264 3146 „dum
287 3065 422 3134 sciamus
434 3080 559 3148 gratiora
576 3093 642 3154 ‘esse
667 3079 862 3146 audientibus,
888 3093 961 3147 quae
981 3079 1090 3132 solus
1112 3080 1175 3146 quis
1195 3094 1210 3131 a
1222 3081 1264 3135 ut
1284 3080 1342 3147 pri
1356 3093 1435 3132 mus
1455 3080 1507 3132 aut

173 3171 249 3222 certe
269 3182 333 3221 cum
354 3169 450 3237 paucis
470 3155 576 3222 iecisse'
589 3166 733 3222 videtur.“
1189 3189 1192 3194 ·

286 3261 339 3338 Qui
364 3276 484 3328 encomii
510 3277 585 3329 locus
611 3275 638 3327 in
663 3275 776 3328 urbium
793 3276 979 3344 'panegyricis
1003 3289 1086 3344 saepe
1107 3277 1219 3342 exstat;
1243 3277 1276 3328 ut
1300 3276 1506 3329 isocrates

175 3366 304 3418 Athenas
333 3365 433 3418 iaudat
465 3366 582 3433 (Paneg.
607 3366 668 3430 25l:
696 3354 750 3437 μό
760 3379 852 3430 νοις
874 3355 935 3439 γὰρ
960 3357 1035 3438 ἡμῖν
1057 3364 1123 3420 τῶν
1147 3355 1306 3438 Ἑλλήνων
1328 3356 1386 3439 τὴν
1410 3355 1508 3438 αὐτὴν

173 3443 293 3527 τροφόν
316 3445 371 3508 καλ
393 3444 533 3528 πατρίδα
633 3445 768 3508 καλέσαι
791 3444 960 3526 προσήκει,
992 3454 1067 3507 idem
1092 3455 1141 3508 39:
1172 3445 1342 3527 ,πρώτη
1366 3444 1428 3528 γὰρ
1452 3444 1508 3508 καί

173 3535 291 3615 νόμους
324 3534 419 3596 tuero
453 3534 508 3597 καί
539 3534 703 3598 πολιτείαν
736 3534 973 3616 κατεστήσατο,
1008 3543 1083 3595 idem
1115 3544 1179 3598 109:
1211 3534 1264 3616 μό
1273 3557 1337 3598 ναι
1370 3534 1410 3617 δὴ
1441 3541 1508 3598 τῶν

173 3623 329 3706 μεγάλην·
341 3622 472 3704 δύναμιν
490 3623 655 3705 λαβόντων
677 3623 878 3705 περιείὸομεν
896 3623 981 3705 ἡμᾶς
1005 3624 1120 3697 αὐτοὺς
1139 3623 1355 3706 ἀπορωτέρως
1373 3624 1506 3698 ζῶντας.

175 3721 274 3790 Neque
299 3722 352 3774 hoc
376 3723 577 3790 argumentum
594 3721 739 3789 'praeterit
764 3722 937 3790 Thucyd.
965 3723 988 3774 ll
1010 3723 1054 3788 41,
1085 3722 1115 3775 3;
1147 3713 1255 3796 μόνη
1280 3711 1341 3794 γὰρ
1366 3721 1432 3776 τῶν
1455 3719 1512 3776 νῦν,

174 3802 276 3883 ἀκοῆς
299 3809 459 3884 κρείσσων
482 3802 528 3875 εἰς
554 3812 666 3884 πεῖραν
690 3801 828 3884 ἔρχεται,
862 3801 917 3864 καί
946 3801 1052 3884 μόνη
1078 3802 1115 3865 οὐ
1214 3807 1262 3884 τῷ
1285 3802 1430 3884 πολεμίῳ

174 3891 395 3973 ἀγανάκτησιν
418 3891 494 3974 ἔχει.
516 3900 551 3953 ci.
580 3900 842 3954 Scbroederum
868 3901 883 3951 l.
904 3913 927 3954 c.
949 3901 1074 3968 p.8sq.
1095 3901 1145 3967 21;
1179 3900 1224 3967 23,
1245 3900 1292 3953 ubi
1313 3900 1359 3953 alii
1380 3899 1507 3954 nonnulli
1583 3962 1587 3970 ,

174 3989 325 4056 scriptores
358 3983 508 4058 compositi
542 3990 619 4056 sunt,
655 3989 702 4057 qui
736 3991 771 4042 ad
805 3989 922 4057 gloriam
956 3989 1135 4042 Athenarum
1169 3989 1401 4057 amplificandam
1434 3991 1508 4042 hanc

176 4078 312 4132 laudandi
332 4079 473 4133 rationem
493 4078 683 4146 protulerunt,

284 4185 328 4238 Ex
349 4185 456 4242 Romae
481 4186 579 4237 autem
605 4185 801 4239 laudatoribus
825 4198 908 4252 saepe
932 4187 1007 4237 hunc
1033 4188 1125 4238 locum
1144 4187 1318 4240 rhetoricum
1342 4186 1509 4255 exprimunt

175 4271 300 4328 Melinno
320 4276 349 4326 et
369 4274 516 4332 Aristides,
558 4273 661 4328 Scribit
680 4275 755 4326 enim
775 4273 951 4328 Melinno
972 4275 1066 4342 (Stob.
1088 4275 1149 4328 ilor.
1172 4277 1213 4328 lll
1236 4273 1293 4339 tal:

283 4383 309 4436 5.
334 4371 365 4434 Σ
373 4371 412 4435 οἱ
435 4371 563 4454 μόνᾳ,
588 4372 769 4454 πρέσβιστο
792 4371 914 4436 δέδωκε
935 4372 1045 4455 Μοῖρα

270 4578 309 4633 15.
338 4569 407 4631 σοὶ
430 4568 539 4651 μόνᾳ
561 4568 753 4650 πλησίστιον
777 4567 870 4650 οὖρον
894 4567 1007 4650 ἀρχαῖς

337 4659 374 4728 οὐ
397 4656 602 4742 μεταβάλλει.
