3682 5520
381 329 424 400 66

377 548 471 632 ἦσαν,
496 543 744 625 Martialis,
769 546 823 632 qui
851 547 959 643 villam
987 546 1134 613 Frontini
1159 549 1305 630 opponit
1330 548 1381 613 his
1406 543 1536 638 Romae
1551 548 1709 631 operibus

379 673 424 759 (Χ
447 677 499 753 51,
526 675 597 757 11);

486 816 569 895 „Sed
595 835 655 883 nec
680 801 886 884 Marce'lli
914 814 1356 899 Pompeianumque,
1381 835 1441 882 nec
1466 816 1529 882 illic

539 949 615 1009 sunt
638 943 855 1028 triplices
878 942 1100 1019 thermae,
1132 959 1193 1007 nec
1216 940 1316 1008 lora
1341 943 1450 1007 iuncta
1474 947 1598 1024 quater,

487 1065 1559 1151 necCapitolinisummumpenetraleTonantis‚

539 1211 691 1277 quaeque
717 1194 819 1260 nitent
843 1192 938 1260 caelo
964 1192 1117 1278 proxima
1141 1193 1310 1275 templa
1334 1199 1427 1269 su0“‚

380 1333 575 1413 Plinius,
608 1337 663 1418 qui
697 1337 841 1420 scriptor
872 1343 1000 1418 septem
1044 1335 1136 1401 orbis
1169 1341 1330 1401 terrarum
1366 1336 1535 1401 miraculis
1566 1338 1710 1438 tractatis

379 1462 478 1527 etiam
505 1459 641 1529 Romae
666 1460 815 1528 aedilicia
840 1461 1054 1527 celeberrima
1077 1460 1216 1543 tangit1)
1242 1459 1308 1543 (lib.
1333 1458 1468 1526 xxxvl
1497 1463 1552 1526 lOl
1582 1461 1647 1544 sq.)
1667 1471 1711 1526 et

286 1661 288 1668 ,
380 1587 463 1652 haec
480 1591 666 1653 enumerat:
692 1584 834 1663 „Verum
851 1593 882 1652 et
898 1586 938 1651 ad
958 1587 1047 1651 urbis
1064 1593 1199 1652 nostrae
1225 1585 1446 1651 miracula
1473 1586 1611 1652 transire
1631 1603 1709 1653 con·
1810 1623 1811 1626 =

378 1711 543 1777 veniat...
565 1711 777 1778 miracula...
799 1712 1010 1777 universitate
1024 1727 1105 1776 vero
1130 1716 1282 1776 acervata
1307 1717 1337 1777 et
1362 1711 1393 1775 in
1410 1701 1579 1793 quendam
1606 1729 1709 1777 unum
1810 1689 1811 1770 l

377 1835 548 1902 cumulum
583 1837 846 1904 coiecta...nec
880 1844 914 1902 ut
947 1836 1114 1902 circum
1151 1837 1441 1902 maximum...
1472 1835 1555 1902 inter
1588 1851 1711 1920 magna
1810 1841 1811 1846 ’

378 1978 483 2045 opera
508 1961 674 2028 dicamus:
701 1977 770 2028 non
796 1963 879 2027 inter
902 1960 1079 2045 magnilica
1113 1961 1355 2028 basilicam
1383 1959 1508 2027 Pauli
1543 1962 1711 2028 columnis

378 2084 606 2170 ePhrygibus
630 2086 813 2153 mirabilem
839 2084 1081 2169 lorumque
1105 2057 1195 2150 divi
1220 2085 1413 2178 Augusti
1440 2095 1471 2152 et
1494 2088 1709 2170 templum

298 2222 302 2228 '
378 2210 509 2278 Pacis
533 2210 810 2294 Vespasiani
838 2209 933 2294 lmp.
959 2212 1068 2293 Aug,
1102 2211 1326 2293 pulcherrima
1351 2229 1503 2293 operum,
1528 2230 1615 2295 quae
1639 2231 1711 2280 um-

377 2355 477 2420 quam
503 2335 580 2402 vidit
604 2335 723 2402 orbis?
748 2319 817 2402 non
852 2343 884 2402 et
916 2343 1082 2402 tectum
1116 2335 1355 2402 diribitori
1390 2337 1431 2401 ab
1455 2335 1602 2420 Agrippa
1626 2334 1711 2414 lacti,

377 2480 452 2528 cum
479 2462 703 2528 theatrum
739 2470 814 2528 ante
842 2463 957 2528 texerit
982 2460 1110 2530 Romae
1134 2459 1287 2527 Valerius
1311 2458 1478 2528 Ostiensis
1511 2463 1711 2529 architectus

378 2586 463 2652 ludis
487 2585 646 2654 Libonis?
677 2585 869 2669 pyramidas
894 2601 1007 2669 regum
1035 2586 1203 2663 miramur,
1227 2603 1302 2651 cum
1328 2586 1439 2652 solum
1464 2592 1593 2652 tantum
1618 2585 1710 2652 loro

377 2710 581 2778 exstruendo
596 2699 881 2805 liSlhllCaesar
904 2683 1045 2777 dictator
1069 2711 1213 2776 emerit.“
1250 2708 1347 2775 Hunc
1379 2728 1554 2777 numerum
1580 2718 1709 2795 septem

305 2837 307 2842 '
378 2837 468 2903 urbis
493 2853 635 2920 operum
662 2852 731 2902 non
756 2837 895 2902 fortuito
920 2841 1031 2901 ortum
1056 2819 1115 2900 sed
1141 2836 1182 2900 ab
1207 2835 1269 2900 illis
1289 2842 1450 2901 terrarum
1466 2842 1595 2919 septem
1613 2838 1712 2903 mira-

377 2963 459 3028 culis
484 2980 503 3027 a
529 2960 636 3027 Plinio
661 2961 728 3027 hoc
754 2961 832 3027 loco
856 2961 1051 3027 translatum
1077 2978 1152 3026 esse
1177 2960 1353 3026 verisimile
1377 2962 1469 3045 est2).
1507 2936 1591 3027 Nam
1610 2963 1711 3028 etiam

378 3085 610 3152 Polemius
647 3083 858 3169 Silvius⁸)
894 3085 955 3152 illis
993 3093 1154 3152 terrarum
1197 3093 1326 3168 septem
1365 3086 1533 3153 miraculis
1570 3086 1710 3153 totidem
1809 3075 1810 3136 ἶ

377 3211 502 3277 urbis
526 3210 748 3276 miracula
772 3212 924 3293 opponit,
949 3228 1035 3294 quae
1059 3216 1248 3276 enumerat:
1278 3208 1381 3288 „lnter
1405 3228 1491 3295 quae
1514 3213 1632 3278 omnia
1655 3210 1710 3278 Vll
1809 3203 1810 3234 ¹

376 3342 454 3402 sunt
478 3337 560 3401 mira
586 3336 780 3419 praecipua:
815 3335 846 3400 id
871 3342 921 3401 est
946 3334 1135 3412 ianiculum,
1171 3336 1318 3412 cloacae,
1352 3336 1558 3419 aquaeducti,
1595 3337 1710 3405 lorum

272 3497 277 3516 ι
376 3459 517 3537 Traiani,
551 3460 842 3544 amphitheatrum,
877 3460 1000 3526 odeum
1035 3469 1067 3526 et
1089 3460 1240 3527 thermae
1264 3461 1504 3538 Antonianae“,
1538 3468 1569 3527 et
1594 3463 1711 3528 nescio

377 3603 418 3651 an
444 3585 497 3651 illa
521 3593 664 3675 septem·
685 3586 775 3650 urbis
800 3585 958 3652 miracula
988 3584 1220 3667 significaverit
1245 3587 1439 3668 peregrinus
1462 3585 1607 3668 quidam,
1631 3605 1710 3653 cum

377 3708 624 3793 exclamaret4):
659 3713 691 3775 ἐν
724 3719 764 3793 τῇ
797 3710 1012 3795 βασιλευούσῃ
1046 3710 1160 3793 Ῥώμῃ
1194 3713 1300 3794 χρόνῳ
1328 3712 1439 3794 πολλῷ
1464 3712 1631 3795 διατρίψας
1654 3713 1711 3776 καὶ

485 3914 508 3980 1)
541 3919 616 3970 ldem
647 3918 674 3970 in
703 3917 761 3970 line
790 3919 874 3994 huius
906 3918 1013 3974 Romae
1052 3918 1250 3984 descriptionis
1280 3917 1374 3969 omnia
1405 3916 1481 3971 nrbis
1511 3919 1596 3983 opera
1626 3916 1710 3970 laude

376 4007 542 4076 dignissima
572 4007 773 4074 complectitur
797 4008 850 4059 hac
880 4007 1094 4060 enumeratione
1120 4006 1265 4073 (xxxvl
1289 4003 1365 4067 123):
1395 4005 1499 4070 „Quod
1520 4005 1541 4060 si
1564 4006 1626 4072 quis
1647 4006 1712 4059 dili-

375 4097 487 4165 gentius
508 4096 715 4150 aestumaverit
735 4096 944 4150 abundantiam
960 4109 1102 4164 aquarum
1118 4097 1145 4147 in
1162 4095 1286 4162 publico,
1308 4095 1435 4160 balineis,
1453 4095 1576 4162 piscinis,
1594 4095 1710 4162 euripis,

374 4185 518 4252 domibus,
532 4186 633 4250 hortis,
647 4186 702 4240 sub
714 4185 829 4240 urbanis
841 4186 925 4250 villis,
936 4187 1030 4253 spatia
1042 4198 1134 4252 aqnae
1147 4185 1298 4250 venientis,
1309 4186 1471 4239 exstructos
1488 4197 1579 4249 arcus,
1597 4186 1709 4239 montes

297 4319 303 4330 ,
375 4275 526 4344 perfossos,
555 4275 697 4348 convalles
727 4277 878 4343 aequatas,
916 4275 1057 4328 fatebitur
1091 4274 1130 4326 nil
1159 4273 1248 4342 magis
1279 4273 1441 4326 mirandum
1471 4273 1557 4328 tuisse
1586 4273 1613 4328 in
1644 4275 1709 4328 toto
1808 4345 1809 4350 η

374 4364 442 4418 orbe
462 4363 631 4419 terrarum.“

481 4468 504 4535 ²)
528 4472 699 4525 lordan.:
719 4472 918 4541 Topographie
936 4458 1090 4524 der'Stadt
1113 4469 1185 4527 Rom
1206 4470 1243 4522 im
1262 4470 1417 4534 llltertnm,
1432 4471 1488 4522 vol.
1506 4470 1541 4533 ll,
1561 4483 1588 4547 p.
1603 4469 1655 4522 143
1665 4483 1708 4536 sq.

480 4574 504 4641 ³)
521 4579 566 4630 ed.
585 4579 639 4631 Th.
660 4578 887 4633 Mommsen:
908 4578 982 4630 Ahh.
1008 4579 1035 4629 d.
1055 4579 1147 4630 sachs.
1171 4577 1203 4629 (i.
1224 4577 1251 4627 d.
1273 4574 1326 4642 W,
1352 4577 1407 4629 vol.
1433 4576 1485 4641 lll,
1508 4577 1577 4631 1857
1597 4590 1623 4643 p.
1645 4577 1708 4630 270.
1808 4597 1809 4610 ¹

479 4680 502 4748 ⁴)
523 4687 565 4738 de
589 4675 685 4743 R'oss
699 4686 720 4739 i:
747 4686 820 4738 Bull.
842 4685 869 4738 di
890 4685 968 4737 arch.
988 4685 1065 4738 crist.
1090 4685 1168 4750 1867,
1192 4685 1213 4737 l.
