3682 5520
327 235 370 298 40

326 451 475 529 quocum
501 444 580 513 loco
606 445 915 526 conferripossunt
935 440 1098 508 Florus
1123 442 1182 520 15,
1205 445 1239 507 i:
1267 439 1424 520 „Tibur
1448 459 1563 508 nunc
1587 441 1664 508 sub-

327 572 501 648 urbanum,
525 578 557 637 et
581 570 725 642 aestivae
751 567 928 634 Praeneste
953 541 1089 634 deliciae
1115 568 1315 650 nuncupatis
1341 569 1372 633 in
1389 566 1561 651 Capitolio
1576 567 1664 633 votis

327 689 531 780 petebantur.
559 695 644 762 idem
661 700 704 760 tu
718 691 948 770 ncFaesulae,
964 691 1056 775 quod
1065 683 1213 758 Carrba'e
1230 710 1344 774 nuper,
1360 691 1447 760 idem
1465 709 1586 784 nemus
1594 691 1663 758 Ari-

266 844 267 848 ¹
327 798 1663 912 cinumquodHercyniussaltus,FregellaequodCaesoriacum,Tiberisquod

328 923 532 1029 Euphrates‘
562 943 672 1029 (idem
694 943 783 1027 apud
814 941 944 1009 lordan.
970 941 1171 1026 1101111251
1201 949 1234 1008 et
1257 919 1462 1024 Propert.
1486 939 1528 1008 lV
1555 946 1580 1018 l,
1604 943 1661 1007 35:

486 1076 536 1148 „et
558 1069 645 1136 stetit
668 1068 752 1134 Alba
778 1074 907 1152 potens
932 1067 1026 1134 albae
1052 1067 1122 1133 suis
1147 1068 1263 1133 omine
1289 1072 1378 1170 nata,
1540 1059 1543 1065 ’
1637 1060 1639 1062 ’

594 1196 655 1261 bac
687 1195 741 1260 ubi
774 1191 968 1260 Fidenas
999 1191 1203 1276 longafierat
1233 1193 1299 1258 isse
1331 1194 1410 1258 via.¹‘

283 1321 454 1428 3efSil.
480 1320 572 1387 ital.
597 1318 667 1397 XV,
693 1321 749 1386 90:
818 1311 819 1316 ¹

153 1822 184 1864 lle
192 1823 286 1872 lempore

180 1893 258 1943 (Romu

171 1967 265 2016 aeterua)

485 1445 625 1528 „Aspice
645 1482 687 1492 -
708 1462 749 1510 ne
770 1443 870 1527 longe
891 1449 1040 1527 repetam
1063 1481 1103 1488 —
1125 1441 1232 1508 modo
1254 1442 1362 1512 Roma
1382 1443 1502 1509 minaci

486 1552 597 1653 impar'
618 1568 816 1635 Fidenae
840 1575 1067 1652 contentaque
1091 1567 1241 1636 crescere
1266 1567 1372 1652 asyl0,

485 1712 555 1778 quo
579 1713 655 1762 sese
680 1694 829 1761 extulerit
852 1693 1004 1760 dextris.“

432 1809 608 1898 Quoniam
634 1820 749 1887 laudes
774 1818 903 1888 Romae
936 1821 981 1895 εἰς
1004 1821 1079 1895 τοὺς
1103 1788 1299 1903 οἰκήσανὲας
1332 1820 1387 1883 καὶ
1417 1819 1543 1894 εἰςτὰς
1566 1841 1664 1901 μετα-

325 1947 427 2029 βολάςι
447 1952 637 2029 spectantes
661 1947 727 2012 iam
752 1939 918 2012 adfinem
945 1945 1170 2028 perduximus,
1196 1950 1305 2021 restat,
1331 1950 1365 2009 ut
1389 1945 1521 2009 tertium
1538 1943 1664 2020 locum,

250 2159 253 2166 Ι
326 2087 435 2155 aquo
449 2071 558 2154 origo
583 2071 674 2138 urbis
693 2070 858 2137 celebrata
877 2063 936 2148 est',
955 2071 1010 2135 τὸν
1034 2071 1080 2145 εἰς
1103 2071 1158 2151 τὸν
1177 2069 1409 2166 χρόνοντόηον
1433 2067 1487 2152 (ci.
1504 2068 1662 2135 illenand.

327 2194 361 2262 lll
394 2197 468 2274 354,
502 2198 558 2261 22:
596 2196 708 2280 Τρίτον
741 2199 861 2280 ἔφαμεν
893 2204 953 2260 τοῦ
983 2197 1095 2280 γένους
1127 2195 1208 2259 εἶναι
1241 2195 1297 2260 τὸν
1329 2193 1457 2278 χρόνον)
1492 2193 1664 2262 nonnullis

327 2322 434 2388 verbis
468 2327 657 2387 tractemus,
685 2308 753 2388 ‘Ex
786 2321 946 2388 omnibus
978 2326 1090 2387 autem
1116 2319 1290 2387 Menandri
1326 2318 1366 2384 de
1400 2307 1476 2385 boc
1498 2319 1663 2401 temporis

325 2452 526 2536 argumento
552 2432 738 2531 praeceptis
763 2446 803 2512 ad
829 2447 916 2512 banc
939 2447 1174 2534 quaestionem
1199 2444 1439 2510 tantummodo
1465 2444 1547 2510 baec
1562 2444 1663 2510 verba

325 2568 462 2654 (111355,
478 2571 528 2655 3):
553 2565 728 2655 φήσειξι..
750 2575 800 2637 ὅτι
825 2571 1007 2651 αἰώνιός
1042 2570 1129 2638 ἐστιν
1162 2574 1182 2655 ἡ
1215 2573 1365 2644 πόλις,
1401 2570 1569 2652 ὥσπεροὶ
1590 2569 1667 2635 θεοί

326 2697 497 2780 pertinent.
544 2695 643 2780 Quae
676 2697 708 2763 in
743 2697 849 2779 ipsam
876 2695 1019 2765 Romam
1054 2697 1206 2762 videntur
1238 2696 1324 2765 iacta
1348 2716 1439 2800 esse,
1471 2718 1546 2765 cum
1583 2699 1667 2764 baec

296 2821 486 2892 ‚omnium
511 2822 641 2888 urbium
674 2821 749 2889 sola
780 2822 986 2906 cognomine
1015 2827 1190 2901 „aeterna“
1224 2824 1265 2888 sit
1299 2826 1462 2909 omata1);
1509 2823 1574 2890 Sed
1599 2824 1668 2889 boc

326 2944 455 3017 Romae
479 2925 673 3030 cognomen
699 2964 769 3031 quo
792 2953 947 3030 tempore
972 2953 1084 3014 ortum
1111 2948 1353 3031 sitaquibus
1378 2950 1488 3032 poetis
1512 2955 1544 3014 et
1566 2949 1669 3031 scrip-

324 3072 453 3140 toribus
477 3072 660 3138 adbibitum
686 3074 735 3150 sit,
760 3079 915 3138 accurate
941 3072 1183 3142 demonstravit
1208 3071 1239 3138 F.
1255 3071 1296 3156 0.
1313 3072 1346 3138 Μ
1360 3074 1571 3159 ooriusA).
1599 3073 1667 3156 Qui

324 3197 372 3262 vir
394 3195 619 3275 doctissimus,
652 3216 727 3264 cum
755 3197 921 3286 plurimos
945 3196 1043 3263 locos
1068 3205 1105 3263 et·
1123 3215 1164 3263 ex
1189 3204 1367 3281 poetarum
1392 3200 1667 3282 scriptorumque

293 3303 295 3310 ’
324 3321 414 3388 libris
447 3304 550 3389 etex
585 3324 731 3390 nummis
765 3322 943 3407 collegerit,
978 3323 1009 3387 in
1045 3322 1166 3406 quibus
1201 3323 1301 3390 dictio
1326 3330 1502 3407 quaeest:
1537 3321 1668 3413 „Roma

324 3452 476 3513 aeternae
511 3449 681 3525 invenitur,
718 3447 804 3514 alios
835 3455 947 3515 tamen
983 3447 1255 3531 locos-quibus
1291 3449 1523 3532 compluribus
1556 3449 1667 3515 verbis

320 3572 407 3637 baec
432 3574 610 3646 aeternitas
635 3573 725 3639 urbis
749 3573 892 3652 effertur,
926 3572 995 3640 lere
1020 3574 1165 3640 omnino
1191 3573 1343 3655 neglexit.
1391 3573 1667 3657 investigabimus

324 3696 428 3779 igitur,
452 3696 632 3780 quomodo
657 3697 731 3764 illae
757 3698 969 3766 laudationes
993 3696 1121 3767 Romae
1147 3699 1374 3786 aeternitatem
1406 3699 1497 3766 urbis
1521 3699 1666 3782 imperii-

323 3837 389 3903 que
411 3822 640 3906 significantes
666 3828 846 3907 usurpatae
871 3825 944 3888 sint.

429 3945 536 4030 Atque
562 3949 706 4030 primum
743 3947 878 4030 quidem
913 3949 999 4014 banc
1032 3950 1230 4016 sententiam
1263 3948 1444 4032 protulisse
1475 3941 1686 4042 invenimus

305 4067 594 4172 ‘Ciceronem
621 4090 684 4156 pro
710 4071 789 4141 Rab.
819 4076 866 4150 12,
891 4074 948 4139 33:
980 4075 1024 4150 ,si
1050 4073 1356 4146 immortalem
1388 4075 1475 4140 banc
1498 4074 1663 4140 civitatem

430 4240 453 4308 1)
476 4242 725 4312 Gregorovius:
737 4245 905 4298 Gescbicbte
917 4245 965 4297 der
976 4245 1062 4298 Sfadf
1072 4245 1144 4302 Rom
1156 4247 1193 4298 im
1202 4245 1381 4299 Mittelalter.
1396 4246 1541 4312 1859,νο1.
1553 4247 1572 4311 1,
1581 4259 1609 4312 p.
1619 4246 1629 4297 1
1639 4246 1663 4300 l.

429 4329 452 4397 ²)
474 4333 504 4387 F.
529 4334 561 4388 G.
582 4333 728 4387 Moure:
762 4333 835 4388 Urbs
856 4334 980 4387 Aeterna
1000 4337 1057 4388 and
1078 4335 1144 4408 urbs
1165 4349 1256 4400 sacra,
1285 4336 1313 4387 in
1333 4336 1536 4390 Transactions
1563 4334 1593 4388 of
1613 4337 1663 4390 lire

323 4425 474 4477 American
496 4423 690 4491 philologicai.
703 4423 896 4490 Association,
916 4425 973 4478 vol.
995 4424 1080 4478 XXV
1099 4422 1207 4494 (1894),
1226 4425 1346 4478 34-110.
1534 4483 1536 4488 ,

429 4513 493 4565 Alia
513 4513 650 4567 nonnulla
680 4512 766 4566 affert
787 4513 1037 4567 Fr..Cum0nt:
1072 4514 1226 4568 L’eternite
1255 4516 1303 4568 des
1333 4527 1496 4580 empereurs
1525 4514 1664 4581 romains,

324 4603 395 4661 Rev.
416 4603 515 4656 d'lrist.
535 4605 564 4656 ef
585 4604 618 4656 de
640 4603 728 4656 litter.
749 4603 828 4672 relig.
854 4605 873 4669 l,
896 4603 975 4668 1896,
994 4616 1022 4669 p.
1036 4603 1100 4670 449,
1119 4603 1146 4656 3.
