3682 5520
165 518 251 584 idem
276 517 296 582 i.
322 517 351 584 V
375 519 455 586 639:
1129 589 1134 606 .

211 735 212 740 Ἰ
273 641 385 722 „llaec
409 641 483 710 loca
508 642 656 711 desertas
680 642 743 709 vidi
768 645 840 710 sine
866 644 1046 712 moenibus
1070 646 1200 724 nerbas,
1275 739 1277 744 .

203 858 204 862 Ἴ
316 769 482 850 ¹pascebat
504 785 641 852 sparsas
666 775 803 851 utraque
829 769 900 852 ripa
925 770 1039 836 boves.
1165 783 1168 788 ’

271 898 302 958 et
325 910 425 975 quem
456 911 571 959 nunc
600 885 718 978 gentes
740 891 884 960 Tiberim
911 901 1102 980 noruntque
1127 877 1319 980 timentque,
1348 909 1352 916 ·
1396 904 1398 908 “

323 1023 427 1084 tunc
456 1017 553 1085 etiam
580 1019 693 1102 pecori
718 1018 952 1102 despiciendus
977 1026 1075 1087 erat.“

163 1141 251 1208 idem
276 1142 296 1210 l.
320 1141 354 1208 lll
382 1145 459 1209 179:

272 1266 397 1346 „Parva
421 1267 490 1346 tuit,
514 1269 540 1335 si
567 1269 674 1352 prima
697 1270 778 1359 velis
801 1270 966 1338 elementa
992 1271 1123 1349 referre,

324 1367 448 1471 Roma;
475 1393 534 1459 sed
559 1394 590 1459 in
616 1413 718 1477 parva
742 1402 957 1479 spestamen
984 1396 1082 1462 buius
1107 1402 1186 1462 erat.

271 1519 406 1584 moenia
426 1518 491 1584 iam
512 1518 652 1596 stabant,
673 1520 809 1603 populis
829 1527 969 1606 angusta
993 1521 1036 1587 iu
1050 1527 1093 1587 tu
1107 1521 1183 1600 ris,

324 1643 447 1709 credita
471 1633 531 1710 sed
555 1648 671 1711 turbae
700 1651 805 1711 tunc
835 1645 933 1711 nimis
958 1644 1070 1729 ampla
1094 1651 1206 1714 suae.“
1248 1649 1249 1652 ’
1354 1691 1356 1695 v

269 1768 543 1852 antiquissimam
570 1768 702 1838 Romuli
734 1753 863 1836 urbem
884 1788 993 1837 novae
1017 1771 1156 1855 Augusti
1188 1774 1334 1855 opponit
1357 1769 1520 1839 Ovidius·

162 1893 313 1988 versibus
338 1894 599 1976 insequentibus,
623 1879 808 1977 exquibus
833 1896 986 1962 omnium
1012 1873 1159 1962 marlme
1185 1904 1306 1980 poetae
1332 1888 1497 1963 rhetorica

125 2037 129 2046 ·
163 2035 218 2083 ars
242 2019 509 2101 comparationis
533 2018 746 2103 intellegitur:
1225 2021 1233 2034 ”

164 2141 261 2240 Ouid.
283 2143 302 2210 i.
328 2142 349 2210 ll
377 2145 455 2210 133:

273 2265 494 2347 „Romule
524 2261 706 2335 concedes:
724 2268 801 2335 iacit
829 2270 899 2335 hic
927 2276 983 2336 tua
1010 2286 1135 2356 magna
1156 2271 1283 2339 tuendo

324 2394 475 2460 moenia:
506 2399 548 2458 tu
579 2393 719 2460 dederas
743 2393 958 2462 transilienda
984 2370 1100 2464 Remo

208 2537 209 2541 ¹
270 2524 310 2583 te
333 2516 447 2592 Tatius
471 2519 630 2602 parvique
655 2517 760 2585 Cures
785 2517 1001 2604 Caeninaque
1025 2523 1144 2588 sensit:
1251 2588 1252 2591 ,

305 2613 408 2709 4ὴος
438 2644 547 2709 duce
575 2643 764 2713 Romanum
791 2652 843 2722 est¹
862 2617 946 2712 solis
972 2652 1150 2730 utrumque
1175 2646 1271 2715 latus.

236 2734 240 2750 s
269 2774 310 2833 tu
336 2768 434 2834 breve
460 2769 574 2836 nescio
599 2769 677 2853 quid
701 2772 806 2839 victae
830 2770 955 2837 telluris
981 2772 1147 2839 habebas:

323 2892 562 2977 quodcumque
586 2901 636 2960 est
659 2895 727 2961 alto
752 2896 814 2960 sub
835 2895 921 2973 love,
946 2895 1116 2962 Caesar
1140 2898 1248 2964 habet.
1349 2959 1351 2964 ,

163 3147 237 3209 141.
260 3111 319 3230 ΙνῑεΙ
343 3143 424 3208 tibi
453 3148 546 3227 grata
569 3141 643 3210 luit:
672 3137 795 3211 florent
817 3145 880 3211 sub
906 3144 1103 3212 Caesare
1134 3147 1233 3231 leges.
1327 3179 1329 3186 ·

154 3251 156 3256 ’
322 3273 364 3332 tu
386 3255 520 3333 'domini
547 3285 683 3360 nomen,
714 3271 871 3354 principis
902 3269 981 3335 ille
1009 3277 1108 3337 tenet.

269 3398 308 3458 te
334 3389 457 3462 Remus
481 3393 623 3460 incusat:
649 3395 779 3460 veniam
806 3394 894 3461 dedit
918 3396 1072 3465 hostibus
1102 3397 1188 3463 ille.

256 3520 258 3524 '
323 3515 508 3584 Caelestem
533 3517 609 3584 iecit
636 3524 676 3584 te
707 3525 807 3604 pater,
837 3519 914 3600 ille
945 3526 1102 3604 patrem.“

270 3640 478 3726 Propertium
496 3660 576 3709 vero
598 3644 742 3710 imitatus
762 3651 863 3727 poeta
884 3661 1007 3711 novam
1030 3645 1145 3712 urbem
1168 3665 1243 3712 cum
1264 3646 1495 3730 antiquissima
1549 3639 1554 3645 ’

84 3837 86 3840 ,
160 3773 338 3850 comparat
368 3766 488 3834 eodem
509 3749 600 3834 ‘loco
631 3767 799 3834 rhetorico
825 3769 867 3836 ad
890 3787 1059 3836 summam
1089 3771 1302 3839 subtilitatem
1330 3772 1494 3856 perlecto:

160 3890 224 3959 Ov.
249 3898 359 3958 arta.
384 3889 418 3958 lli
446 3894 524 3959 113:

271 4015 490 4098 „Simplicitas
515 4017 605 4084 rudis
630 4024 733 4084 ante
757 4018 831 4084 iuit:
858 4038 973 4106 nunc¹
997 4038 1098 4088 aurea
1124 4018 1231 4090 Roma
1256 4031 1305 4088 est

206 4161 211 4176 *
322 4147 353 4206 et
376 4141 492 4208 domiti
519 4137 661 4227 magnas
686 4142 838 4226 possidet
863 4145 955 4211 orbis
980 4162 1075 4228 opes.

270 4266 382 4349 aspice
405 4283 492 4350 quae
517 4285 632 4346 nunc
656 4275 733 4334 sunt
757 4267 932 4352 Capitolia,
957 4287 1110 4354 quaeque
1133 4269 1337 4337 luerunt:
1362 4328 1363 4335 ,

323 4391 457 4456 alterius
480 4391 569 4457 dices
595 4391 648 4459 illa
672 4392 775 4460 fuisse
800 4392 894 4460 lovis,

247 4587 249 4592 ,
269 4499 359 4580 curia
383 4515 529 4583 concilio
555 4535 669 4582 nunc
693 4523 743 4584 est
767 4516 962 4600 dignissima
985 4525 1095 4586 tanto:
1147 4597 1150 4601 ³

322 4639 363 4706 de
387 4640 508 4724 stipula
532 4638 628 4708 Tatio
655 4655 756 4725 regna
781 4649 913 4710 tenente
938 4642 1031 4711 luit.
