3664 5512
320 308 382 371 118

425 516 541 601 Neque
574 518 685 582 minus
719 523 920 600 exaggerant
955 527 1076 598 poetae
1110 522 1141 580 et
1169 514 1416 582 declamatores
1445 515 1561 582 laudes
1591 517 1650 582 im-

319 643 399 726 perii
427 641 579 718 Romani,
611 660 686 706 curn
719 640 897 706 conferunt
926 640 1019 717 lines,
1050 657 1140 725 quos
1163 629 1215 707 s'ol
1242 641 1409 723 percurrit,
1440 658 1515 706 cum
1547 642 1649 718 terris,

219 791 222 796 ·
317 784 403 850 quae
443 767 473 832 in
513 772 678 863 potestate
718 764 951 836 Romanorum
984 772 1080 832 sunt.
1140 762 1530 848 Quam'laudationem
1572 784 1648 844 cum

317 890 458 958 eandem
485 893 517 956 in
543 891 719 956 Alexandri
745 875 904 992 encomio
930 891 1081 974 legamus
1098 927 1139 934 -
1156 890 1267 956 scribit
1291 891 1379 957 enim
1396 888 1537 956 Senec.
1560 907 1650 956 suas.

322 1020 347 1094 l,
379 1020 410 1082 l:
448 1015 554 1094 „Satis
578 1018 619 1081 sit
647 1015 808 1082 hactenus
833 1014 1024 1081 Alexandro
1048 1016 1175 1092 vicisse,
1203 1033 1269 1099 qua
1294 1013 1423 1082 mundo
1447 1014 1557 1081 lucere
1579 1013 1649 1082 Soli

310 1142 398 1223 ⁴satis
429 1147 516 1216 est“;
552 1141 637 1206 idem
674 1145 698 1217 l,
731 1142 766 1206 2:
804 1141 962 1218 „vicimus
987 1157 1052 1222 qua
1077 1140 1181 1205 lucer‘
1219 1177 1260 1188 —-
1293 1140 1404 1206 locum
1431 1157 1649 1208 communem

317 1273 387 1331 arte
412 1265 577 1332 rhetorica
602 1266 768 1331 excultum
795 1283 869 1332 esse
894 1273 1041 1348 apparet.
1288 1256 1291 1262 ’

391 1365 531 1472 'arque
556 1390 752 1478 omniaa
783 1389 882 1456 sole
908 1361 1089 1456 oriente
1116 1366 1329 1474 usquead
1361 1388 1649 1456 occidentem

320 1512 517 1583 Romana
542 1531 617 1580 esse
641 1514 763 1596 dictum
790 1515 977 1581 invenimus
1001 1516 1042 1581 ab
1068 1515 1119 1581 bis
1144 1515 1268 1597 poetis:

255 1704 259 1710 .
320 1636 660 1717 rlorat.c.lv15‚
689 1641 742 1706 13:
1105 1722 1108 1728 Ι

559 1763 732 1842 „Latinum
759 1780 885 1830 nomen
911 1771 943 1829 et
967 1763 1064 1830 italae

365 1965 369 1974 ¹
480 1905 612 1954 crevere
636 1890 722 1954 vires
744 1887 901 1970 famaque
926 1896 957 1954 et
981 1889 1097 1970 imperi

588 2019 741 2096 porrecta
766 1983 923 2080 maiestas
947 2012 987 2079 ad
1014 2020 1108 2082 ortus
1195 2027 1196 2032 ’

691 2139 775 2205 solis
799 2139 841 2205 ab
868 2137 1033 2221 llesperio
1058 2139 1186 2216 cubili“,

308 2260 446 2334 Ouid.
472 2263 491 2328 l.
516 2263 557 2328 lll
582 2265 641 2329 831
672 2264 740 2347 (ubi
769 2262 932 2332 Romulus
958 2265 1040 2329 baec
1066 2265 1247 2348 precatur):

483 2386 622 2472 „Longa
646 2389 687 2453 sit
711 2388 788 2453 buic
811 2395 904 2482 aetas
928 2388 1155 2471 dominaeque
1179 2365 1328 2472 potentia
1352 2395 1467 2467 terrae,

588 2505 694 2597 sitque
718 2513 781 2579 sub
806 2514 868 2579 bac
894 2515 1007 2579 oriens
1032 2513 1259 2598 occiduusque
1284 2514 1385 2592 dies“‚

163 2714 165 2724 ¹
320 2637 479 2704 Tibull.
506 2638 665 2727 liubit

280 2735 284 2744 V
484 2762 622 2842 „Roma
647 2770 739 2828 tuum
767 2780 892 2829 nomen
918 2765 1011 2830 terris
1035 2762 1134 2831 fatale
1160 2763 1320 2847 regendis,
1370 2760 1373 2765 ’

588 2907 653 2972 qua
678 2906 740 2955 sua
765 2888 805 2954 de
830 2887 926 2955 caelo
952 2889 1111 2972 prospicit
1135 2905 1213 2954 arva
1237 2887 1347 2966 Ceres,

481 3031 614 3096 quaque
640 3019 751 3096 patent
776 3020 870 3079 ortus
894 3020 925 3078 et
949 3032 1015 3096 qua
1040 3007 1243 3080 fluitantibus
1267 3013 1364 3080 undis

397 3202 401 3208 .
437 3129 439 3136 '
587 3137 676 3204 Solis
700 3137 896 3203 anhelantes
921 3138 1023 3204 abluit
1047 3139 1156 3204 amnis
1180 3144 1319 3222 equos“‚

266 3325 269 3332 .
321 3262 424 3329 Stat.
448 3261 479 3328 S.
505 3261 538 3328 lll
562 3265 591 3339 3,
617 3265 673 3328 47:

483 3387 561 3467 „sed
588 3388 708 3470 quibus
734 3404 878 3454 occasus
903 3389 1025 3470 pariter
1047 3388 1251 3454 famulantur
1275 3395 1306 3454 et
1330 3394 1454 3467 ortus“‚

322 3511 450 3581 Rulli.
476 3512 484 3578 Ι
510 3514 569 3579 57;

484 3636 654 3715 „Volvitur
679 3638 749 3719 ipse
774 3637 828 3702 tibi
854 3638 908 3718 qui
935 3638 1082 3702 continet
1107 3639 1222 3710 omnia
1248 3635 1406 3705 Phoebus

587 3779 672 3845 eque
696 3762 761 3828 tuis
786 3763 882 3828 o'rtos
907 3762 937 3826 in
964 3769 1019 3827 tua
1044 3761 1158 3827 condit
1184 3769 1323 3845 equos“‚

323 3885 533 3953 Draconi.
559 3905 584 3951 c.
610 3885 693 3969 prol.
718 3889 745 3962 8,
776 3887 851 3952 193:

482 4008 671 4088 „Troianos
697 4009 843 4093 regnare·
860 4011 974 4092 placet,
1002 4029 1068 4094 qua
1092 4010 1175 4078 solis
1201 4012 1352 4079 habenae

481 4134 663 4200 ostendunt
686 4132 871 4224 tolluntque
896 4135 1016 4201 diem“.

246 4301 249 4308 ·
322 4258 450 4326 Eodem
473 4259 579 4325 modo
601 4261 749 4342 potentia
775 4261 1014 4342 imperatorum
1038 4259 1270 4329 Romanorum
1296 4262 1448 4328 laudatur
1472 4264 1513 4329 ab
1538 4272 1657 4333 aucto-

321 4384 411 4465 ribus
435 4386 621 4450 carminum
645 4385 768 4450 Antb.
794 4383 876 4451 Pal.
900 4383 973 4451 XVl
998 4388 1035 4452 ot
1065 4387 1111 4470 (in
1138 4385 1339 4471 Neronem):

220 4488 223 4493 ’
481 4508 716 4584 Ἂντολίαι,
748 4509 917 4585 δύσιες,
949 4512 1074 4593 κόσμου
1097 4513 1215 4594 μέτρα·
1247 4513 1302 4575 καὶ
1325 4512 1365 4575 τὰ
1387 4513 1537 4596 Νέρωνος

586 4634 912 4726 ἔργ(1ὂ’ἀμφοτέρων
936 4639 1023 4700 ἵκετο
1047 4644 1107 4722 γῆς
1129 4636 1287 4726 περάτων,
