<?xml version="1.0" encoding="UTF-8"?>
<!DOCTYPE html PUBLIC "-//W3C//DTD XHTML 1.0 Transitional//EN"
    "http://www.w3.org/TR/xhtml1/DTD/xhtml1-transitional.dtd">
<html xmlns="http://www.w3.org/1999/xhtml" xml:lang="en" lang="en">
 <head>
  <title>
</title>
<meta http-equiv="Content-Type" content="text/html;charset=utf-8" />
  <meta name='ocr-system' content='tesseract 3.04.00' />
  <meta name='ocr-capabilities' content='ocr_page ocr_carea ocr_par ocr_line ocrx_word'/>
</head>
<body>
  <div class='ocr_page' id='page_1' title='image "./laudesromae00gerngoog_0018.png"; bbox 0 0 3682 5520; ppageno 0'>
   <div class='ocr_carea' id='block_1_1' title="bbox 697 294 1509 426">
    <p class='ocr_par' dir='ltr' id='par_1_1' title="bbox 697 294 1509 426">
     <span class='ocr_line' id='line_1_1' title="bbox 697 294 1509 426; baseline -0.001 -122"><span class='ocrx_word' id='word_1_1' title='bbox 697 294 700 304; x_wconf 86' lang='lat'><em>.</em></span> <span class='ocrx_word' id='word_1_2' title='bbox 735 385 743 426; x_wconf 36' lang='grc' dir='ltr'>ἱ</span> <span class='ocrx_word' id='word_1_3' title='bbox 1490 341 1509 412; x_wconf 61' lang='lat'>5</span> 
     </span>
    </p>
   </div>
   <div class='ocr_carea' id='block_1_2' title="bbox 178 556 1569 2396">
    <p class='ocr_par' dir='ltr' id='par_1_2' title="bbox 178 556 1569 2396">
     <span class='ocr_line' id='line_1_2' title="bbox 285 556 1511 642; baseline 0.002 -20"><span class='ocrx_word' id='word_1_4' title='bbox 285 556 349 623; x_wconf 88' lang='lat' dir='ltr'>Sed</span> <span class='ocrx_word' id='word_1_5' title='bbox 375 557 416 623; x_wconf 91' lang='lat' dir='ltr'>ad</span> <span class='ocrx_word' id='word_1_6' title='bbox 442 575 510 624; x_wconf 94' lang='lat' dir='ltr'>rem</span> <span class='ocrx_word' id='word_1_7' title='bbox 537 559 644 640; x_wconf 82' lang='lat' dir='ltr'>ipsam</span> <span class='ocrx_word' id='word_1_8' title='bbox 660 557 890 642; x_wconf 78' lang='lat' dir='ltr'>aggredientes</span> <span class='ocrx_word' id='word_1_9' title='bbox 906 559 1139 641; x_wconf 87' lang='lat' dir='ltr'>quaestionem</span> <span class='ocrx_word' id='word_1_10' title='bbox 1163 560 1378 625; x_wconf 82' lang='lat' dir='ltr'>tractabimus</span> <span class='ocrx_word' id='word_1_11' title='bbox 1393 576 1511 625; x_wconf 91' lang='lat' dir='ltr'>secun-</span> 
     </span>
     <span class='ocr_line' id='line_1_3' title="bbox 179 681 1563 768; baseline -0.001 -20"><span class='ocrx_word' id='word_1_12' title='bbox 179 682 257 748; x_wconf 89' lang='lat' dir='ltr'>dum</span> <span class='ocrx_word' id='word_1_13' title='bbox 283 700 360 748; x_wconf 90' lang='lat' dir='ltr'>eurn</span> <span class='ocrx_word' id='word_1_14' title='bbox 387 681 549 759; x_wconf 85' lang='lat' dir='ltr'>ordinem,</span> <span class='ocrx_word' id='word_1_15' title='bbox 574 700 673 766; x_wconf 88' lang='lat' dir='ltr'>quem</span> <span class='ocrx_word' id='word_1_16' title='bbox 701 683 860 766; x_wconf 85' lang='lat' dir='ltr'>praecipit</span> <span class='ocrx_word' id='word_1_17' title='bbox 881 682 1065 750; x_wconf 84' lang='lat' dir='ltr'>Menander</span> <span class='ocrx_word' id='word_1_18' title='bbox 1080 681 1114 750; x_wconf 93' lang='lat' dir='ltr'>lll</span> <span class='ocrx_word' id='word_1_19' title='bbox 1130 685 1209 752; x_wconf 77' lang='lat'>346:</span> <span class='ocrx_word' id='word_1_20' title='bbox 1232 692 1303 758; x_wconf 80' lang='grc' dir='ltr'>πῶς</span> <span class='ocrx_word' id='word_1_21' title='bbox 1327 685 1391 768; x_wconf 83' lang='grc' dir='ltr'><strong><em>χρὴ·</em></strong></span> <span class='ocrx_word' id='word_1_22' title='bbox 1402 684 1512 760; x_wconf 82' lang='grc' dir='ltr'><strong><em>πόλεις</em></strong></span> <span class='ocrx_word' id='word_1_23' title='bbox 1560 695 1563 700; x_wconf 72' lang='grc'>“</span> 
     </span>
     <span class='ocr_line' id='line_1_4' title="bbox 179 800 1510 892; baseline 0.001 -21"><span class='ocrx_word' id='word_1_24' title='bbox 179 807 326 872; x_wconf 78' lang='grc' dir='ltr'><strong><em>ἐπαινεῖν.</em></strong></span> <span class='ocrx_word' id='word_1_25' title='bbox 376 803 463 872; x_wconf 84' lang='lat' dir='ltr'>Dicit</span> <span class='ocrx_word' id='word_1_26' title='bbox 495 800 583 873; x_wconf 86' lang='lat' dir='ltr'>enim</span> <span class='ocrx_word' id='word_1_27' title='bbox 609 807 725 874; x_wconf 93' lang='lat' dir='ltr'>urbem</span> <span class='ocrx_word' id='word_1_28' title='bbox 763 806 964 874; x_wconf 86' lang='lat' dir='ltr'>laudandam</span> <span class='ocrx_word' id='word_1_29' title='bbox 999 825 1074 874; x_wconf 90' lang='lat' dir='ltr'>esse</span> <span class='ocrx_word' id='word_1_30' title='bbox 1108 809 1252 892; x_wconf 90' lang='lat' dir='ltr'>primurn</span> <span class='ocrx_word' id='word_1_31' title='bbox 1286 809 1350 873; x_wconf 78' lang='grc' dir='ltr'>ἀπὸ</span> <span class='ocrx_word' id='word_1_32' title='bbox 1373 810 1510 884; x_wconf 72' lang='grc' dir='ltr'><em>θέσεως,</em></span> 
     </span>
     <span class='ocr_line' id='line_1_5' title="bbox 179 931 1510 1016; baseline 0 -20"><span class='ocrx_word' id='word_1_33' title='bbox 179 931 298 998; x_wconf 86' lang='lat' dir='ltr'>deinde</span> <span class='ocrx_word' id='word_1_34' title='bbox 331 933 394 996; x_wconf 82' lang='grc' dir='ltr'>ἀπὸ</span> <span class='ocrx_word' id='word_1_35' title='bbox 427 933 549 1014; x_wconf 81' lang='grc' dir='ltr'><em>γένους,</em></span> <span class='ocrx_word' id='word_1_36' title='bbox 584 939 653 997; x_wconf 86' lang='lat' dir='ltr'>lum</span> <span class='ocrx_word' id='word_1_37' title='bbox 688 933 752 995; x_wconf 78' lang='grc' dir='ltr'>ἀπὸ</span> <span class='ocrx_word' id='word_1_38' title='bbox 790 932 1037 1014; x_wconf 81' lang='grc' dir='ltr'><strong><em>ἐπιτηδεύσεων,</em></strong></span> <span class='ocrx_word' id='word_1_39' title='bbox 1075 931 1219 1015; x_wconf 84' lang='lat' dir='ltr'>denique</span> <span class='ocrx_word' id='word_1_40' title='bbox 1256 933 1320 996; x_wconf 84' lang='grc' dir='ltr'>ἀπὸ</span> <span class='ocrx_word' id='word_1_41' title='bbox 1352 934 1510 1016; x_wconf 84' lang='grc' dir='ltr'><em>πράξεων.</em></span> 
     </span>
     <span class='ocr_line' id='line_1_6' title="bbox 180 1054 1513 1141; baseline 0 -19"><span class='ocrx_word' id='word_1_42' title='bbox 180 1055 263 1122; x_wconf 87' lang='lat' dir='ltr'>Cum</span> <span class='ocrx_word' id='word_1_43' title='bbox 290 1059 400 1122; x_wconf 84' lang='lat' dir='ltr'>a&#39;utem</span> <span class='ocrx_word' id='word_1_44' title='bbox 426 1057 458 1121; x_wconf 93' lang='lat' dir='ltr'>in</span> <span class='ocrx_word' id='word_1_45' title='bbox 484 1056 649 1124; x_wconf 87' lang='lat' dir='ltr'>encomiis</span> <span class='ocrx_word' id='word_1_46' title='bbox 674 1054 803 1124; x_wconf 86' lang='lat' dir='ltr'>Romae</span> <span class='ocrx_word' id='word_1_47' title='bbox 838 1056 982 1140; x_wconf 90' lang='lat' dir='ltr'>primum</span> <span class='ocrx_word' id='word_1_48' title='bbox 1015 1055 1083 1122; x_wconf 90' lang='lat' dir='ltr'>lere</span> <span class='ocrx_word' id='word_1_49' title='bbox 1108 1056 1220 1123; x_wconf 92' lang='lat' dir='ltr'>locum</span> <span class='ocrx_word' id='word_1_50' title='bbox 1246 1057 1420 1124; x_wconf 86' lang='lat' dir='ltr'>obtineant</span> <span class='ocrx_word' id='word_1_51' title='bbox 1443 1056 1513 1141; x_wconf 87' lang='lat' dir='ltr'>pul·</span> 
     </span>
     <span class='ocr_line' id='line_1_7' title="bbox 178 1180 1513 1266; baseline 0 -20"><span class='ocrx_word' id='word_1_52' title='bbox 178 1180 332 1248; x_wconf 90' lang='lat' dir='ltr'>cbritudo</span> <span class='ocrx_word' id='word_1_53' title='bbox 365 1180 625 1264; x_wconf 90' lang='lat' dir='ltr'>etmagnitudo</span> <span class='ocrx_word' id='word_1_54' title='bbox 659 1181 749 1247; x_wconf 90' lang='lat' dir='ltr'>urbis</span> <span class='ocrx_word' id='word_1_55' title='bbox 783 1182 922 1264; x_wconf 90' lang='lat' dir='ltr'>eiusque</span> <span class='ocrx_word' id='word_1_56' title='bbox 955 1180 1194 1257; x_wconf 77' lang='lat' dir='ltr'>aedificiorum,</span> <span class='ocrx_word' id='word_1_57' title='bbox 1228 1197 1317 1264; x_wconf 92' lang='lat' dir='ltr'>opus</span> <span class='ocrx_word' id='word_1_58' title='bbox 1347 1187 1398 1247; x_wconf 91' lang='lat' dir='ltr'>est</span> <span class='ocrx_word' id='word_1_59' title='bbox 1421 1181 1513 1266; x_wconf 80' lang='lat' dir='ltr'>parti,</span> 
     </span>
     <span class='ocr_line' id='line_1_8' title="bbox 179 1304 1512 1393; baseline 0 -21"><span class='ocrx_word' id='word_1_60' title='bbox 179 1323 265 1389; x_wconf 86' lang='lat' dir='ltr'>quae</span> <span class='ocrx_word' id='word_1_61' title='bbox 300 1312 349 1372; x_wconf 91' lang='lat' dir='ltr'>est</span> <span class='ocrx_word' id='word_1_62' title='bbox 381 1306 445 1370; x_wconf 74' lang='grc' dir='ltr'>ἀπὸ</span> <span class='ocrx_word' id='word_1_63' title='bbox 478 1307 601 1390; x_wconf 80' lang='grc' dir='ltr'><strong><em>γένους,</em></strong></span> <span class='ocrx_word' id='word_1_64' title='bbox 636 1304 759 1372; x_wconf 88' lang='lat' dir='ltr'>addere</span> <span class='ocrx_word' id='word_1_65' title='bbox 793 1305 956 1372; x_wconf 89' lang='lat' dir='ltr'>nonnulla</span> <span class='ocrx_word' id='word_1_66' title='bbox 989 1304 1030 1372; x_wconf 92' lang='lat' dir='ltr'>de</span> <span class='ocrx_word' id='word_1_67' title='bbox 1064 1305 1143 1372; x_wconf 91' lang='lat' dir='ltr'>loco</span> <span class='ocrx_word' id='word_1_68' title='bbox 1176 1305 1240 1370; x_wconf 82' lang='grc' dir='ltr'>ἀπὸ</span> <span class='ocrx_word' id='word_1_69' title='bbox 1264 1306 1431 1393; x_wconf 79' lang='grc' dir='ltr'><em>σχήματος</em></span> <span class='ocrx_word' id='word_1_70' title='bbox 1463 1306 1512 1372; x_wconf 91' lang='lat' dir='ltr'>vel</span> 
     </span>
     <span class='ocr_line' id='line_1_9' title="bbox 179 1428 1569 1515; baseline 0.001 -19"><span class='ocrx_word' id='word_1_71' title='bbox 179 1433 304 1515; x_wconf 84' lang='grc' dir='ltr'><strong><em>κόσμου</em></strong></span> <span class='ocrx_word' id='word_1_72' title='bbox 335 1438 394 1514; x_wconf 84' lang='grc' dir='ltr'>τῆς</span> <span class='ocrx_word' id='word_1_73' title='bbox 424 1431 563 1506; x_wconf 80' lang='grc' dir='ltr'><em>πόλεως,</em></span> <span class='ocrx_word' id='word_1_74' title='bbox 598 1448 699 1513; x_wconf 85' lang='lat' dir='ltr'>quern</span> <span class='ocrx_word' id='word_1_75' title='bbox 734 1449 809 1496; x_wconf 94' lang='lat' dir='ltr'>cum</span> <span class='ocrx_word' id='word_1_76' title='bbox 837 1428 1021 1498; x_wconf 83' lang='lat' dir='ltr'>Menander</span> <span class='ocrx_word' id='word_1_77' title='bbox 1056 1431 1223 1497; x_wconf 89' lang='lat' dir='ltr'>minorem</span> <span class='ocrx_word' id='word_1_78' title='bbox 1260 1437 1350 1498; x_wconf 91' lang='lat' dir='ltr'>ratus</span> <span class='ocrx_word' id='word_1_79' title='bbox 1385 1431 1446 1496; x_wconf 90' lang='lat' dir='ltr'>nisi</span> <span class='ocrx_word' id='word_1_80' title='bbox 1481 1431 1512 1497; x_wconf 92' lang='lat' dir='ltr'>in</span> <span class='ocrx_word' id='word_1_81' title='bbox 1565 1433 1569 1446; x_wconf 83' lang='lat'><strong><em>‘</em></strong></span> 
     </span>
     <span class='ocr_line' id='line_1_10' title="bbox 179 1551 1512 1639; baseline 0 -17"><span class='ocrx_word' id='word_1_82' title='bbox 179 1556 318 1639; x_wconf 80' lang='lat' dir='ltr'>epilogo</span> <span class='ocrx_word' id='word_1_83' title='bbox 351 1555 481 1622; x_wconf 91' lang='lat' dir='ltr'>tractari</span> <span class='ocrx_word' id='word_1_84' title='bbox 508 1555 632 1639; x_wconf 61' lang='lat' dir='ltr'>nolite),</span> <span class='ocrx_word' id='word_1_85' title='bbox 670 1551 857 1638; x_wconf 87' lang='lat' dir='ltr'>Dionysius</span> <span class='ocrx_word' id='word_1_86' title='bbox 883 1553 955 1621; x_wconf 83' lang='lat' dir='ltr'>Hal.</span> <span class='ocrx_word' id='word_1_87' title='bbox 979 1561 1037 1621; x_wconf 87' lang='lat' dir='ltr'>art</span> <span class='ocrx_word' id='word_1_88' title='bbox 1063 1555 1144 1621; x_wconf 91' lang='lat' dir='ltr'>rbet.</span> <span class='ocrx_word' id='word_1_89' title='bbox 1171 1559 1198 1632; x_wconf 89' lang='lat' dir='ltr'>l,</span> <span class='ocrx_word' id='word_1_90' title='bbox 1222 1557 1243 1622; x_wconf 90' lang='grc'>3</span> <span class='ocrx_word' id='word_1_91' title='bbox 1277 1555 1378 1637; x_wconf 90' lang='lat' dir='ltr'>(apud</span> <span class='ocrx_word' id='word_1_92' title='bbox 1413 1573 1512 1639; x_wconf 89' lang='lat' dir='ltr'>quem</span> 
     </span>
     <span class='ocr_line' id='line_1_11' title="bbox 181 1678 1515 1764; baseline 0.001 -19"><span class='ocrx_word' id='word_1_93' title='bbox 181 1680 276 1747; x_wconf 91' lang='lat' dir='ltr'>locus</span> <span class='ocrx_word' id='word_1_94' title='bbox 300 1681 364 1744; x_wconf 80' lang='grc' dir='ltr'>ἀπὸ</span> <span class='ocrx_word' id='word_1_95' title='bbox 388 1679 653 1763; x_wconf 62' lang='grc' dir='ltr'><em>ἐπιτηδευμάτων</em></span> <span class='ocrx_word' id='word_1_96' title='bbox 677 1678 785 1764; x_wconf 84' lang='lat' dir='ltr'>deest)</span> <span class='ocrx_word' id='word_1_97' title='bbox 819 1678 859 1745; x_wconf 94' lang='lat' dir='ltr'>ad</span> <span class='ocrx_word' id='word_1_98' title='bbox 895 1679 1044 1764; x_wconf 88' lang='lat' dir='ltr'>reliquos</span> <span class='ocrx_word' id='word_1_99' title='bbox 1068 1686 1134 1746; x_wconf 93' lang='lat' dir='ltr'>tres</span> <span class='ocrx_word' id='word_1_100' title='bbox 1159 1679 1266 1757; x_wconf 90' lang='lat' dir='ltr'>locos,</span> <span class='ocrx_word' id='word_1_101' title='bbox 1299 1697 1389 1762; x_wconf 85' lang='lat' dir='ltr'>quos</span> <span class='ocrx_word' id='word_1_102' title='bbox 1422 1697 1515 1747; x_wconf 89' lang='lat' dir='ltr'>com·</span> 
     </span>
     <span class='ocr_line' id='line_1_12' title="bbox 180 1803 1513 1889; baseline -0.002 -17"><span class='ocrx_word' id='word_1_103' title='bbox 180 1806 453 1882; x_wconf 85' lang='lat' dir='ltr'>memoravimus,</span> <span class='ocrx_word' id='word_1_104' title='bbox 477 1811 632 1889; x_wconf 89' lang='lat' dir='ltr'>quartum</span> <span class='ocrx_word' id='word_1_105' title='bbox 659 1805 690 1870; x_wconf 91' lang='lat' dir='ltr'>in</span> <span class='ocrx_word' id='word_1_106' title='bbox 717 1803 910 1871; x_wconf 86' lang='lat' dir='ltr'>laudatione</span> <span class='ocrx_word' id='word_1_107' title='bbox 937 1804 1027 1872; x_wconf 92' lang='lat' dir='ltr'>urbis</span> <span class='ocrx_word' id='word_1_108' title='bbox 1042 1803 1270 1871; x_wconf 83' lang='lat' dir='ltr'>adhibendum</span> <span class='ocrx_word' id='word_1_109' title='bbox 1287 1803 1513 1872; x_wconf 89' lang='lat' dir='ltr'>commendat.</span> 
     </span>
     <span class='ocr_line' id='line_1_13' title="bbox 181 1927 1515 2014; baseline 0 -18"><span class='ocrx_word' id='word_1_110' title='bbox 181 1927 356 1997; x_wconf 86' lang='lat' dir='ltr'>Postrema</span> <span class='ocrx_word' id='word_1_111' title='bbox 388 1929 532 2013; x_wconf 87' lang='lat' dir='ltr'>denique</span> <span class='ocrx_word' id='word_1_112' title='bbox 567 1936 668 2013; x_wconf 92' lang='lat' dir='ltr'>parte,</span> <span class='ocrx_word' id='word_1_113' title='bbox 705 1947 792 2012; x_wconf 83' lang='lat' dir='ltr'>quae</span> <span class='ocrx_word' id='word_1_114' title='bbox 825 1936 875 1996; x_wconf 91' lang='lat' dir='ltr'>est</span> <span class='ocrx_word' id='word_1_115' title='bbox 906 1931 980 2014; x_wconf 78' lang='grc' dir='ltr'><em>περὶ</em></span> <span class='ocrx_word' id='word_1_116' title='bbox 1012 1930 1162 2014; x_wconf 79' lang='grc' dir='ltr'><em>πράξεων</em></span> <span class='ocrx_word' id='word_1_117' title='bbox 1196 1931 1286 1997; x_wconf 87' lang='lat' dir='ltr'>urbis</span> <span class='ocrx_word' id='word_1_118' title='bbox 1320 1929 1515 2007; x_wconf 86' lang='lat' dir='ltr'>laudandae,</span> 
     </span>
     <span class='ocr_line' id='line_1_14' title="bbox 180 2053 1516 2138; baseline 0 -18"><span class='ocrx_word' id='word_1_119' title='bbox 180 2056 366 2122; x_wconf 89' lang='lat' dir='ltr'>accuratius</span> <span class='ocrx_word' id='word_1_120' title='bbox 390 2055 490 2122; x_wconf 90' lang='lat' dir='ltr'>nobis</span> <span class='ocrx_word' id='word_1_121' title='bbox 513 2053 745 2122; x_wconf 89' lang='lat' dir='ltr'>disserendum</span> <span class='ocrx_word' id='word_1_122' title='bbox 771 2062 829 2131; x_wconf 92' lang='lat' dir='ltr'>est,</span> <span class='ocrx_word' id='word_1_123' title='bbox 861 2053 891 2120; x_wconf 94' lang='lat' dir='ltr'>id</span> <span class='ocrx_word' id='word_1_124' title='bbox 917 2054 1009 2138; x_wconf 87' lang='lat' dir='ltr'>quod</span> <span class='ocrx_word' id='word_1_125' title='bbox 1035 2055 1221 2122; x_wconf 91' lang='lat' dir='ltr'>inusitatis</span> <span class='ocrx_word' id='word_1_126' title='bbox 1247 2055 1376 2121; x_wconf 92' lang='lat' dir='ltr'>urbium</span> <span class='ocrx_word' id='word_1_127' title='bbox 1402 2053 1516 2121; x_wconf 89' lang='lat' dir='ltr'>lauda·</span> 
     </span>
     <span class='ocr_line' id='line_1_15' title="bbox 179 2159 1514 2262; baseline 0.003 -20"><span class='ocrx_word' id='word_1_128' title='bbox 179 2179 329 2246; x_wconf 86' lang='lat' dir='ltr'>tionibus</span> <span class='ocrx_word' id='word_1_129' title='bbox 362 2196 432 2246; x_wconf 93' lang='lat' dir='ltr'>non</span> <span class='ocrx_word' id='word_1_130' title='bbox 467 2180 664 2257; x_wconf 89' lang='lat' dir='ltr'>invenimus,</span> <span class='ocrx_word' id='word_1_131' title='bbox 697 2178 738 2246; x_wconf 92' lang='lat' dir='ltr'>de</span> <span class='ocrx_word' id='word_1_132' title='bbox 772 2196 825 2257; x_wconf 93' lang='lat' dir='ltr'>eo,</span> <span class='ocrx_word' id='word_1_133' title='bbox 858 2179 951 2262; x_wconf 88' lang='lat' dir='ltr'>quod</span> <span class='ocrx_word' id='word_1_134' title='bbox 985 2191 1156 2246; x_wconf 89' lang='lat' dir='ltr'>summurn</span> <span class='ocrx_word' id='word_1_135' title='bbox 1191 2159 1514 2248; x_wconf 45' lang='lat' dir='ltr'>ac&#39;celeberrimum</span> 
     </span>
     <span class='ocr_line' id='line_1_16' title="bbox 181 2303 1220 2396; baseline -0.005 -22"><span class='ocrx_word' id='word_1_136' title='bbox 181 2303 323 2374; x_wconf 85' lang='lat' dir='ltr'>Romani</span> <span class='ocrx_word' id='word_1_137' title='bbox 349 2304 540 2384; x_wconf 80' lang='lat' dir='ltr'>ellecerunt</span> <span class='ocrx_word' id='word_1_138' title='bbox 565 2306 632 2372; x_wconf 89' lang='lat' dir='ltr'>boc</span> <span class='ocrx_word' id='word_1_139' title='bbox 656 2311 707 2372; x_wconf 87' lang='lat' dir='ltr'>est</span> <span class='ocrx_word' id='word_1_140' title='bbox 730 2304 772 2371; x_wconf 92' lang='lat' dir='ltr'>de</span> <span class='ocrx_word' id='word_1_141' title='bbox 797 2305 940 2388; x_wconf 91' lang='lat' dir='ltr'>imperio</span> <span class='ocrx_word' id='word_1_142' title='bbox 968 2303 1133 2374; x_wconf 85' lang='lat' dir='ltr'>Romana.</span> <span class='ocrx_word' id='word_1_143' title='bbox 1218 2391 1220 2396; x_wconf 23' lang='grc' dir='ltr'>Ι</span> 
     </span>
    </p>
   </div>
   <div class='ocr_carea' id='block_1_3' title="bbox 713 2499 980 2519">
    <p class='ocr_par' dir='ltr' id='par_1_3' title="bbox 713 2499 980 2519">
     <span class='ocr_line' id='line_1_17' title="bbox 713 2499 980 2519; baseline 0 -3"><span class='ocrx_word' id='word_1_144' title='bbox 713 2499 980 2519; x_wconf 50' lang='lat' dir='ltr'>m</span> 
     </span>
    </p>
   </div>
   <div class='ocr_carea' id='block_1_4' title="bbox 598 2731 1074 2940">
    <p class='ocr_par' dir='ltr' id='par_1_4' title="bbox 598 2731 1074 2940">
     <span class='ocr_line' id='line_1_18' title="bbox 837 2731 856 2800; baseline 0.105 -2"><span class='ocrx_word' id='word_1_145' title='bbox 837 2731 856 2800; x_wconf 92' lang='lat' dir='ltr'>l.</span> 
     </span>
     <span class='ocr_line' id='line_1_19' title="bbox 598 2855 1074 2940; baseline -0.002 -2"><span class='ocrx_word' id='word_1_146' title='bbox 598 2857 683 2940; x_wconf 80' lang='lat' dir='ltr'>-De</span> <span class='ocrx_word' id='word_1_147' title='bbox 713 2857 910 2940; x_wconf 89' lang='lat' dir='ltr'>laudibus</span> <span class='ocrx_word' id='word_1_148' title='bbox 940 2855 1074 2940; x_wconf 87' lang='lat' dir='ltr'>urbls.</span> 
     </span>
    </p>
   </div>
   <div class='ocr_carea' id='block_1_5' title="bbox 284 3017 1704 3154">
    <p class='ocr_par' dir='ltr' id='par_1_5' title="bbox 284 3017 1704 3154">
     <span class='ocr_line' id='line_1_20' title="bbox 284 3017 1704 3154; baseline -0.003 -68"><span class='ocrx_word' id='word_1_149' title='bbox 284 3017 416 3086; x_wconf 91' lang='lat' dir='ltr'>Omnes</span> <span class='ocrx_word' id='word_1_150' title='bbox 448 3018 517 3085; x_wconf 89' lang='lat' dir='ltr'>lere</span> <span class='ocrx_word' id='word_1_151' title='bbox 554 3019 742 3103; x_wconf 62' lang='lat' dir='ltr'>panegyrici</span> <span class='ocrx_word' id='word_1_152' title='bbox 778 3019 959 3102; x_wconf 89' lang='lat' dir='ltr'>scriptores</span> <span class='ocrx_word' id='word_1_153' title='bbox 995 3019 1026 3083; x_wconf 92' lang='lat' dir='ltr'>in</span> <span class='ocrx_word' id='word_1_154' title='bbox 1062 3017 1168 3084; x_wconf 91' lang='lat' dir='ltr'>laudis</span> <span class='ocrx_word' id='word_1_155' title='bbox 1202 3019 1384 3100; x_wconf 91' lang='lat' dir='ltr'>prooemio</span> <span class='ocrx_word' id='word_1_156' title='bbox 1419 3036 1512 3101; x_wconf 91' lang='lat' dir='ltr'>prae·</span> <span class='ocrx_word' id='word_1_157' title='bbox 1552 3035 1704 3154; x_wconf 34' lang='lat' dir='ltr'>,moa-</span> 
     </span>
    </p>
   </div>
   <div class='ocr_carea' id='block_1_6' title="bbox 180 3117 1704 3604">
    <p class='ocr_par' dir='ltr' id='par_1_6' title="bbox 180 3117 1704 3604">
     <span class='ocr_line' id='line_1_21' title="bbox 182 3117 1703 3228; baseline -0.001 -18"><span class='ocrx_word' id='word_1_158' title='bbox 182 3131 312 3210; x_wconf 84' lang='lat' dir='ltr'>r&#39;nittunt</span> <span class='ocrx_word' id='word_1_159' title='bbox 348 3144 449 3211; x_wconf 92' lang='lat' dir='ltr'>verba</span> <span class='ocrx_word' id='word_1_160' title='bbox 490 3163 551 3211; x_wconf 91' lang='lat' dir='ltr'>sua</span> <span class='ocrx_word' id='word_1_161' title='bbox 588 3143 805 3228; x_wconf 81' lang='lat' dir='ltr'>magnitudini</span> <span class='ocrx_word' id='word_1_162' title='bbox 849 3143 939 3210; x_wconf 92' lang='lat' dir='ltr'>urbis</span> <span class='ocrx_word' id='word_1_163' title='bbox 965 3117 1200 3210; x_wconf 38' lang='lat' dir='ltr'>&#39;celebrandae</span> <span class='ocrx_word' id='word_1_164' title='bbox 1242 3144 1291 3210; x_wconf 91' lang='lat' dir='ltr'>uel</span> <span class='ocrx_word' id='word_1_165' title='bbox 1334 3140 1513 3226; x_wconf 89' lang='lat' dir='ltr'>praeclaris</span> <span class='ocrx_word' id='word_1_166' title='bbox 1548 3176 1703 3220; x_wconf 54' lang='lat' dir='ltr'>„mmm</span> 
     </span>
     <span class='ocr_line' id='line_1_22' title="bbox 180 3252 1704 3351; baseline 0 -17"><span class='ocrx_word' id='word_1_167' title='bbox 180 3268 387 3337; x_wconf 84' lang='lat' dir='ltr'>facinoribus</span> <span class='ocrx_word' id='word_1_168' title='bbox 441 3267 616 3336; x_wconf 88' lang='lat' dir='ltr'>laudandis</span> <span class='ocrx_word' id='word_1_169' title='bbox 670 3269 860 3336; x_wconf 81' lang='lat' dir='ltr'>satisfacere</span> <span class='ocrx_word' id='word_1_170' title='bbox 917 3285 986 3334; x_wconf 94' lang='lat' dir='ltr'>non</span> <span class='ocrx_word' id='word_1_171' title='bbox 1040 3284 1153 3350; x_wconf 88' lang='lat' dir='ltr'>posse.</span> <span class='ocrx_word' id='word_1_172' title='bbox 1233 3267 1345 3351; x_wconf 91' lang='lat' dir='ltr'>Quem</span> <span class='ocrx_word' id='word_1_173' title='bbox 1399 3269 1511 3334; x_wconf 93' lang='lat' dir='ltr'>locum</span> <span class='ocrx_word' id='word_1_174' title='bbox 1584 3252 1661 3298; x_wconf 72' lang='lat'>&#39;&#39;⁰¹⁹⁸‘&#39;</span> <span class='ocrx_word' id='word_1_175' title='bbox 1702 3268 1704 3276; x_wconf 82' lang='grc'><em>’</em></span> 
     </span>
     <span class='ocr_line' id='line_1_23' title="bbox 182 3391 1513 3482; baseline -0.001 -23"><span class='ocrx_word' id='word_1_176' title='bbox 182 3394 384 3460; x_wconf 87' lang='lat' dir='ltr'>rhetoricum</span> <span class='ocrx_word' id='word_1_177' title='bbox 427 3395 491 3461; x_wconf 92' lang='lat' dir='ltr'>iam</span> <span class='ocrx_word' id='word_1_178' title='bbox 535 3402 715 3482; x_wconf 81' lang='lat' dir='ltr'>oratores·</span> <span class='ocrx_word' id='word_1_179' title='bbox 738 3391 948 3463; x_wconf 86' lang='lat' dir='ltr'>Graecorum</span> <span class='ocrx_word' id='word_1_180' title='bbox 992 3413 1095 3480; x_wconf 87' lang='lat' dir='ltr'>saepe</span> <span class='ocrx_word' id='word_1_181' title='bbox 1138 3394 1331 3462; x_wconf 88' lang='lat' dir='ltr'>adhibuisse</span> <span class='ocrx_word' id='word_1_182' title='bbox 1373 3399 1513 3459; x_wconf 92' lang='lat' dir='ltr'>constat.</span> 
     </span>
     <span class='ocr_line' id='line_1_24' title="bbox 183 3505 1542 3604; baseline -0.001 -20"><span class='ocrx_word' id='word_1_183' title='bbox 183 3505 339 3602; x_wconf 82' lang='lat' dir='ltr'>Legimus</span> <span class='ocrx_word' id='word_1_184' title='bbox 358 3520 447 3586; x_wconf 93' lang='lat' dir='ltr'>enim</span> <span class='ocrx_word' id='word_1_185' title='bbox 467 3519 556 3604; x_wconf 91' lang='lat' dir='ltr'>apud</span> <span class='ocrx_word' id='word_1_186' title='bbox 577 3518 830 3588; x_wconf 89' lang='lat' dir='ltr'>isocratem</span> <span class='ocrx_word' id='word_1_187' title='bbox 857 3537 906 3587; x_wconf 93' lang='lat' dir='ltr'>or.</span> <span class='ocrx_word' id='word_1_188' title='bbox 927 3518 968 3586; x_wconf 91' lang='lat' dir='ltr'>lV</span> <span class='ocrx_word' id='word_1_189' title='bbox 987 3519 1082 3604; x_wconf 82' lang='lat'><strong>82²):</strong></span> <span class='ocrx_word' id='word_1_190' title='bbox 1107 3523 1212 3596; x_wconf 74' lang='grc' dir='ltr'><em>οὕτως</em></span> <span class='ocrx_word' id='word_1_191' title='bbox 1235 3521 1351 3603; x_wconf 81' lang='grc' dir='ltr'><strong><em>ἄνδρας</em></strong></span> <span class='ocrx_word' id='word_1_192' title='bbox 1370 3519 1515 3602; x_wconf 75' lang='grc' dir='ltr'><em>ἀγαθοὺς</em></span> <span class='ocrx_word' id='word_1_193' title='bbox 1540 3535 1542 3540; x_wconf 95' lang='grc'><strong><em>·</em></strong></span> 
     </span>
    </p>
   </div>
   <div class='ocr_carea' id='block_1_7' title="bbox 73 3707 1580 4768">
    <p class='ocr_par' dir='ltr' id='par_1_7' title="bbox 73 3707 1580 4768">
     <span class='ocr_line' id='line_1_25' title="bbox 183 3707 1515 3772; baseline -0.001 -11"><span class='ocrx_word' id='word_1_194' title='bbox 183 3709 251 3762; x_wconf 87' lang='lat' dir='ltr'>ttber</span> <span class='ocrx_word' id='word_1_195' title='bbox 281 3710 326 3762; x_wconf 90' lang='lat' dir='ltr'>die</span> <span class='ocrx_word' id='word_1_196' title='bbox 354 3707 494 3763; x_wconf 78' lang='lat' dir='ltr'>romische</span> <span class='ocrx_word' id='word_1_197' title='bbox 526 3708 683 3767; x_wconf 75' lang='lat' dir='ltr'>Kaiserzeit</span> <span class='ocrx_word' id='word_1_198' title='bbox 712 3708 755 3762; x_wconf 91' lang='lat' dir='ltr'>bis</span> <span class='ocrx_word' id='word_1_199' title='bbox 784 3707 962 3762; x_wconf 83' lang='lat' dir='ltr'>Theodosius</span> <span class='ocrx_word' id='word_1_200' title='bbox 997 3711 1016 3763; x_wconf 90' lang='lat' dir='ltr'>l.</span> <span class='ocrx_word' id='word_1_201' title='bbox 1048 3712 1105 3762; x_wconf 90' lang='lat' dir='ltr'>und</span> <span class='ocrx_word' id='word_1_202' title='bbox 1136 3710 1195 3762; x_wconf 89' lang='lat' dir='ltr'>ibre</span> <span class='ocrx_word' id='word_1_203' title='bbox 1228 3707 1356 3772; x_wconf 90' lang='lat' dir='ltr'>Quellen.</span> <span class='ocrx_word' id='word_1_204' title='bbox 1403 3707 1420 3760; x_wconf 90' lang='lat'><strong>2</strong></span> <span class='ocrx_word' id='word_1_205' title='bbox 1448 3707 1515 3761; x_wconf 86' lang='lat' dir='ltr'>vall.</span> 
     </span>
     <span class='ocr_line' id='line_1_26' title="bbox 163 3795 1168 3874; baseline 0.004 -23"><span class='ocrx_word' id='word_1_206' title='bbox 163 3797 258 3874; x_wconf 62' lang='lat' dir='ltr'>lips.</span> <span class='ocrx_word' id='word_1_207' title='bbox 282 3798 361 3852; x_wconf 83' lang='grc'><strong>1897.</strong></span> <span class='ocrx_word' id='word_1_208' title='bbox 815 3795 819 3800; x_wconf 87' lang='grc'>’</span> <span class='ocrx_word' id='word_1_209' title='bbox 907 3865 909 3872; x_wconf 28' lang='grc' dir='ltr'>Ι</span> <span class='ocrx_word' id='word_1_210' title='bbox 1165 3851 1168 3855; x_wconf 91' lang='grc'>.</span> 
     </span>
     <span class='ocr_line' id='line_1_27' title="bbox 291 3885 1271 3955; baseline -0.001 -14"><span class='ocrx_word' id='word_1_211' title='bbox 291 3889 344 3941; x_wconf 90' lang='lat' dir='ltr'>Ed.</span> <span class='ocrx_word' id='word_1_212' title='bbox 365 3885 540 3941; x_wconf 92' lang='lat' dir='ltr'>Norden:</span> <span class='ocrx_word' id='word_1_213' title='bbox 562 3885 613 3940; x_wconf 87' lang='lat' dir='ltr'>Die</span> <span class='ocrx_word' id='word_1_214' title='bbox 634 3887 734 3941; x_wconf 86' lang='lat' dir='ltr'>antike</span> <span class='ocrx_word' id='word_1_215' title='bbox 756 3886 948 3955; x_wconf 78' lang='lat' dir='ltr'>Kunstprosa,</span> <span class='ocrx_word' id='word_1_216' title='bbox 968 3887 1026 3941; x_wconf 91' lang='lat' dir='ltr'>vol.</span> <span class='ocrx_word' id='word_1_217' title='bbox 1051 3889 1087 3953; x_wconf 89' lang='lat' dir='ltr'>ll,</span> <span class='ocrx_word' id='word_1_218' title='bbox 1107 3901 1135 3955; x_wconf 93' lang='lat' dir='ltr'>p.</span> <span class='ocrx_word' id='word_1_219' title='bbox 1156 3885 1206 3939; x_wconf 83' lang='lat'>891</span> <span class='ocrx_word' id='word_1_220' title='bbox 1230 3899 1271 3952; x_wconf 87' lang='lat' dir='ltr'>sq.</span> 
     </span>
     <span class='ocr_line' id='line_1_28' title="bbox 167 3970 1516 4056; baseline -0.002 -25"><span class='ocrx_word' id='word_1_221' title='bbox 167 4049 169 4056; x_wconf 18' lang='lat' dir='ltr'>y</span> <span class='ocrx_word' id='word_1_222' title='bbox 290 3977 319 4031; x_wconf 84' lang='lat' dir='ltr'>C.</span> <span class='ocrx_word' id='word_1_223' title='bbox 342 3977 512 4032; x_wconf 89' lang='lat' dir='ltr'>Brueck:</span> <span class='ocrx_word' id='word_1_224' title='bbox 543 3976 583 4030; x_wconf 90' lang='lat' dir='ltr'>De</span> <span class='ocrx_word' id='word_1_225' title='bbox 605 3977 707 4031; x_wconf 86' lang='lat' dir='ltr'>Ouidio</span> <span class='ocrx_word' id='word_1_226' title='bbox 728 3970 965 4035; x_wconf 85' lang='lat' dir='ltr'>scholasticarum</span> <span class='ocrx_word' id='word_1_227' title='bbox 995 3977 1238 4030; x_wconf 84' lang='lat' dir='ltr'>declamationum</span> <span class='ocrx_word' id='word_1_228' title='bbox 1265 3975 1421 4041; x_wconf 83' lang='lat' dir='ltr'>imitatore,</span> <span class='ocrx_word' id='word_1_229' title='bbox 1450 3975 1516 4028; x_wconf 82' lang='lat' dir='ltr'>diss</span> 
     </span>
     <span class='ocr_line' id='line_1_29' title="bbox 111 4064 360 4120; baseline 0 0"><span class='ocrx_word' id='word_1_230' title='bbox 111 4087 113 4091; x_wconf 93' lang='lat'>·</span> <span class='ocrx_word' id='word_1_231' title='bbox 188 4067 258 4120; x_wconf 80' lang='lat' dir='ltr'>Giss</span> <span class='ocrx_word' id='word_1_232' title='bbox 284 4064 360 4120; x_wconf 80' lang='lat'>1909.</span> 
     </span>
     <span class='ocr_line' id='line_1_30' title="bbox 73 4149 1519 4234; baseline -0.006 -22"><span class='ocrx_word' id='word_1_233' title='bbox 73 4164 76 4169; x_wconf 90' lang='grc'><strong><em>’</em></strong></span> <span class='ocrx_word' id='word_1_234' title='bbox 268 4155 327 4212; x_wconf 76' lang='grc' dir='ltr'>Ἠ.</span> <span class='ocrx_word' id='word_1_235' title='bbox 351 4155 495 4226; x_wconf 86' lang='lat' dir='ltr'>Smitb:</span> <span class='ocrx_word' id='word_1_236' title='bbox 527 4154 566 4208; x_wconf 90' lang='lat' dir='ltr'>De</span> <span class='ocrx_word' id='word_1_237' title='bbox 597 4157 659 4208; x_wconf 92' lang='lat' dir='ltr'>arte</span> <span class='ocrx_word' id='word_1_238' title='bbox 688 4156 830 4208; x_wconf 88' lang='lat' dir='ltr'>rhetorica</span> <span class='ocrx_word' id='word_1_239' title='bbox 859 4156 886 4207; x_wconf 90' lang='lat' dir='ltr'>ln</span> <span class='ocrx_word' id='word_1_240' title='bbox 913 4149 943 4208; x_wconf 88' lang='lat' dir='ltr'>L.</span> <span class='ocrx_word' id='word_1_241' title='bbox 963 4156 998 4209; x_wconf 91' lang='grc' dir='ltr'>Α.</span> <span class='ocrx_word' id='word_1_242' title='bbox 1022 4156 1143 4210; x_wconf 88' lang='lat' dir='ltr'>Senecae</span> <span class='ocrx_word' id='word_1_243' title='bbox 1174 4155 1327 4224; x_wconf 87' lang='lat' dir='ltr'>tragoediis</span> <span class='ocrx_word' id='word_1_244' title='bbox 1358 4153 1519 4234; x_wconf 73' lang='lat' dir='ltr'>perspicua,</span> 
     </span>
     <span class='ocr_line' id='line_1_31' title="bbox 190 4231 1510 4312; baseline 0 -14"><span class='ocrx_word' id='word_1_245' title='bbox 190 4246 256 4298; x_wconf 87' lang='lat' dir='ltr'>diss.</span> <span class='ocrx_word' id='word_1_246' title='bbox 278 4244 354 4312; x_wconf 87' lang='lat' dir='ltr'>Lips.</span> <span class='ocrx_word' id='word_1_247' title='bbox 378 4241 456 4299; x_wconf 89' lang='grc'>1885.</span> <span class='ocrx_word' id='word_1_248' title='bbox 924 4285 927 4290; x_wconf 88' lang='grc'><em>.</em></span> <span class='ocrx_word' id='word_1_249' title='bbox 1078 4263 1080 4266; x_wconf 95' lang='grc'><strong><em>·</em></strong></span> <span class='ocrx_word' id='word_1_250' title='bbox 1131 4303 1133 4308; x_wconf 63' lang='grc'>,</span> <span class='ocrx_word' id='word_1_251' title='bbox 1508 4231 1510 4237; x_wconf 16' lang='grc'><strong><em>1</em></strong></span> 
     </span>
     <span class='ocr_line' id='line_1_32' title="bbox 295 4331 1523 4406; baseline -0.001 -21"><span class='ocrx_word' id='word_1_252' title='bbox 295 4333 331 4386; x_wconf 89' lang='grc' dir='ltr'>Η.</span> <span class='ocrx_word' id='word_1_253' title='bbox 355 4331 567 4388; x_wconf 88' lang='lat' dir='ltr'>Lobriscb:</span> <span class='ocrx_word' id='word_1_254' title='bbox 588 4333 628 4387; x_wconf 88' lang='lat' dir='ltr'>De</span> <span class='ocrx_word' id='word_1_255' title='bbox 651 4334 761 4401; x_wconf 87' lang='lat' dir='ltr'>Papinii</span> <span class='ocrx_word' id='word_1_256' title='bbox 784 4334 861 4388; x_wconf 85' lang='lat' dir='ltr'>Stati</span> <span class='ocrx_word' id='word_1_257' title='bbox 880 4334 1017 4386; x_wconf 89' lang='lat' dir='ltr'>silvarum</span> <span class='ocrx_word' id='word_1_258' title='bbox 1038 4337 1140 4400; x_wconf 89' lang='lat' dir='ltr'>poetae</span> <span class='ocrx_word' id='word_1_259' title='bbox 1154 4334 1258 4388; x_wconf 88' lang='lat' dir='ltr'>studiis</span> <span class='ocrx_word' id='word_1_260' title='bbox 1273 4332 1437 4406; x_wconf 85' lang='lat' dir='ltr'>rhetoricis,</span> <span class='ocrx_word' id='word_1_261' title='bbox 1455 4332 1523 4384; x_wconf 86' lang='lat' dir='ltr'>diss.</span> 
     </span>
     <span class='ocr_line' id='line_1_33' title="bbox 188 4422 449 4478; baseline 0.011 -3"><span class='ocrx_word' id='word_1_262' title='bbox 188 4423 253 4478; x_wconf 85' lang='lat' dir='ltr'>Hal.</span> <span class='ocrx_word' id='word_1_263' title='bbox 276 4423 342 4477; x_wconf 87' lang='lat' dir='ltr'>Sax.</span> <span class='ocrx_word' id='word_1_264' title='bbox 371 4422 449 4478; x_wconf 77' lang='lat'>1905.</span> 
     </span>
     <span class='ocr_line' id='line_1_34' title="bbox 239 4501 1524 4586; baseline -0.002 -22"><span class='ocrx_word' id='word_1_265' title='bbox 239 4511 244 4516; x_wconf 77' lang='grc'><strong>“</strong></span> <span class='ocrx_word' id='word_1_266' title='bbox 295 4507 319 4575; x_wconf 82' lang='lat'>¹)</span> <span class='ocrx_word' id='word_1_267' title='bbox 338 4512 493 4565; x_wconf 89' lang='lat' dir='ltr'>Menander</span> <span class='ocrx_word' id='word_1_268' title='bbox 528 4509 568 4565; x_wconf 93' lang='lat' dir='ltr'>lll</span> <span class='ocrx_word' id='word_1_269' title='bbox 599 4511 663 4577; x_wconf 85' lang='lat'>386,</span> <span class='ocrx_word' id='word_1_270' title='bbox 691 4512 740 4582; x_wconf 26' lang='lat'>21¹:</span> <span class='ocrx_word' id='word_1_271' title='bbox 766 4502 848 4584; x_wconf 81' lang='grc' dir='ltr'><em>μετὰ</em></span> <span class='ocrx_word' id='word_1_272' title='bbox 870 4502 929 4584; x_wconf 84' lang='grc' dir='ltr'>τὴν</span> <span class='ocrx_word' id='word_1_273' title='bbox 953 4502 1120 4586; x_wconf 80' lang='grc' dir='ltr'><strong><em>σύγκρισιν</em></strong></span> <span class='ocrx_word' id='word_1_274' title='bbox 1142 4504 1230 4585; x_wconf 78' lang='grc' dir='ltr'><strong><em>ἥξεις</em></strong></span> <span class='ocrx_word' id='word_1_275' title='bbox 1254 4502 1306 4567; x_wconf 73' lang='grc' dir='ltr'>ἐπὶ</span> <span class='ocrx_word' id='word_1_276' title='bbox 1329 4501 1405 4574; x_wconf 85' lang='grc' dir='ltr'><strong><em>τοὺς</em></strong></span> <span class='ocrx_word' id='word_1_277' title='bbox 1428 4501 1524 4564; x_wconf 82' lang='grc' dir='ltr'><strong><em>ἐπι-</em></strong></span> 
     </span>
     <span class='ocr_line' id='line_1_35' title="bbox 189 4591 1580 4675; baseline -0.001 -18"><span class='ocrx_word' id='word_1_278' title='bbox 189 4592 372 4675; x_wconf 77' lang='grc' dir='ltr'><strong><em>λόγους,</em></strong></span> <span class='ocrx_word' id='word_1_279' title='bbox 399 4593 431 4656; x_wconf 80' lang='grc' dir='ltr'>ἐν</span> <span class='ocrx_word' id='word_1_280' title='bbox 456 4591 504 4666; x_wconf 79' lang='grc' dir='ltr'>οἷς</span> <span class='ocrx_word' id='word_1_281' title='bbox 527 4592 716 4674; x_wconf 78' lang='grc' dir='ltr'><strong><em>ὁιαγράψεις</em></strong></span> <span class='ocrx_word' id='word_1_282' title='bbox 739 4591 817 4656; x_wconf 80' lang='grc' dir='ltr'><strong><em>αὐτὸ</em></strong></span> <span class='ocrx_word' id='word_1_283' title='bbox 841 4591 879 4655; x_wconf 85' lang='grc' dir='ltr'>τὸ</span> <span class='ocrx_word' id='word_1_284' title='bbox 903 4599 1014 4675; x_wconf 80' lang='grc' dir='ltr'><strong><em>σχῆμα</em></strong></span> <span class='ocrx_word' id='word_1_285' title='bbox 1036 4599 1095 4674; x_wconf 82' lang='grc' dir='ltr'>τῆς</span> <span class='ocrx_word' id='word_1_286' title='bbox 1116 4592 1254 4666; x_wconf 79' lang='grc' dir='ltr'><em>πόλεως.</em></span> <span class='ocrx_word' id='word_1_287' title='bbox 1575 4596 1580 4605; x_wconf 80' lang='grc'><em>’</em></span> 
     </span>
     <span class='ocr_line' id='line_1_36' title="bbox 208 4679 1524 4768; baseline 0.004 -27"><span class='ocrx_word' id='word_1_288' title='bbox 208 4713 210 4718; x_wconf 37' lang='lat' dir='ltr'>v</span> <span class='ocrx_word' id='word_1_289' title='bbox 295 4687 319 4753; x_wconf 77' lang='lat'>²)</span> <span class='ocrx_word' id='word_1_290' title='bbox 343 4690 380 4745; x_wconf 83' lang='lat' dir='ltr'>ct.</span> <span class='ocrx_word' id='word_1_291' title='bbox 407 4691 513 4744; x_wconf 89' lang='lat' dir='ltr'>ibidem</span> <span class='ocrx_word' id='word_1_292' title='bbox 540 4690 576 4745; x_wconf 92' lang='lat' dir='ltr'>lV</span> <span class='ocrx_word' id='word_1_293' title='bbox 597 4692 626 4744; x_wconf 86' lang='lat'>4:</span> <span class='ocrx_word' id='word_1_294' title='bbox 648 4682 714 4764; x_wconf 82' lang='grc' dir='ltr'>ἐγὼ</span> <span class='ocrx_word' id='word_1_295' title='bbox 734 4680 803 4768; x_wconf 78' lang='grc' dir='ltr'>δ’ἢν</span> <span class='ocrx_word' id='word_1_296' title='bbox 822 4682 866 4767; x_wconf 80' lang='grc' dir='ltr'>μὴ</span> <span class='ocrx_word' id='word_1_297' title='bbox 891 4681 946 4747; x_wconf 81' lang='grc' dir='ltr'>καὶ</span> <span class='ocrx_word' id='word_1_298' title='bbox 972 4687 1031 4746; x_wconf 85' lang='grc' dir='ltr'>τοῦ</span> <span class='ocrx_word' id='word_1_299' title='bbox 1054 4681 1244 4768; x_wconf 80' lang='grc' dir='ltr'><em>πράγματος</em></span> <span class='ocrx_word' id='word_1_300' title='bbox 1270 4679 1406 4760; x_wconf 85' lang='grc' dir='ltr'>ἀξίως</span> <span class='ocrx_word' id='word_1_301' title='bbox 1430 4681 1524 4746; x_wconf 80' lang='grc' dir='ltr'><em>εἴπω,</em></span> 
     </span>
    </p>
   </div>
   <div class='ocr_carea' id='block_1_8' title="bbox 0 0 1856 5520">
    <p class='ocr_par' dir='ltr' id='par_1_8' title="bbox 0 0 1856 5520">
     <span class='ocr_line' id='line_1_37' title="bbox 0 0 1856 5520; baseline 0 0"><span class='ocrx_word' id='word_1_302' title='bbox 0 0 1856 5520; x_wconf 95' lang='lat' dir='ltr'> </span> 
     </span>
    </p>
   </div>
  </div>
 </body>
</html>
