3682 5520
1447 333 1490 398 29

111 579 116 594 ·
159 546 302 613 futuram
329 542 458 614 Romae
482 544 743 630 magnitudinem
770 543 923 611 laudibus
942 543 1036 612 eilert
1054 561 1259 630 comparans
1278 545 1394 614 urbem
1414 563 1490 612 cum

161 670 283 754 palma,
305 688 410 755 quae:

375 818 428 892 „et
450 814 606 898 gravibus
623 794 732 880 vramis
755 819 863 880 totum
889 818 1079 910 protexerat
1102 813 1219 880 orbem

481 939 733 1033 contigeratque
757 955 819 1004 sua
843 936 952 1004 sidera
975 955 1110 1005 summa
1134 923 1264 1005 coma*

266 1095 371 1181 Quod
408 1101 505 1166 etiam
546 1099 759 1176 historiarum
798 1098 980 1182 scriptores
1013 1099 1102 1164 hunc
1139 1096 1341 1165 laudationis
1378 1097 1491 1164 locum

161 1222 363 1290 rhetoricum
403 1240 472 1290 non
512 1223 697 1310 neglegunt,
736 1223 846 1290 mirari
881 1240 951 1290 non
986 1221 1068 1301 licet,
1105 1223 1132 1288 si
1163 1222 1344 1290 ‘historiam
1384 1223 1491 1307 ipsam

162 1364 300 1432 quoque
320 1366 361 1415 ex
381 1348 548 1416 rhetorica
568 1348 713 1432 pendere
733 1354 935 1432 spectamus.
972 1346 1083 1414 Verba
1102 1347 1191 1414 enim
1213 1347 1493 1433 Ciceronis1)

66 1566 67 1570 Ἰ
160 1473 201 1539 de
234 1472 295 1558 leg.
332 1472 404 1550 12,
437 1475 474 1540 5:
517 1473 707 1557 „(historia)
744 1489 833 1556 opus
872 1490 975 1538 unum
1002 1474 1200 1538 'oratorium
1238 1473 1403 1540 maxime“
1442 1473 1492 1540 vel

161 1596 467 1681 Hermogenis
486 1599 560 1675 404,
588 1600 641 1665 10:
671 1599 730 1682 οὐχ
753 1600 773 1682 ἡ
797 1599 927 1681 ποίησις
948 1597 1029 1680 μάνη
1055 1598 1128 1662 οὐδὲ
1151 1597 1214 1681 μὴν
1237 1599 1257 1680 ἡ
1280 1599 1492 1683 λογογραφία,

159 1723 241 1788 ἀλλὰ
264 1724 321 1787 καί
343 1725 363 1806 ἡ
389 1724 514 1806 ἱστορία
537 1725 605 1808 ἔχει
627 1723 846 1798 πλεονάζοντα
868 1723 983 1797 πάντα,
1007 1722 1137 1797 πάντως
1160 1723 1285 1798 δεῖκαὶ
1308 1723 1383 1798 τοδς
1407 1723 1493 1787 loro-

158 1849 354 1933 ριογράφους
377 1850 502 1934 ἐντοῖς
524 1857 755 1931 πανηγυρικοῖς
777 1847 936 1931 τετάχθαι
960 1847 1014 1931 qlli
1036 1847 1156 1932 legerit,
1180 1845 1275 1914 facile
1299 1852 1494 1932 cognoscet,

160 1990 260 2057 quam
287 1973 452 2040 artissime
477 1972 625 2040 historici
651 1979 733 2039 non‘
750 1972 863 2067 solum
895 1973 926 2038 in
957 1971 1167 2038 orationihus
1192 1970 1339 2038 historiis
1363 1971 1495 2039 insertis
1606 1981 1607 1984 ’

159 2096 218 2164 sed
236 2087 334 2164 etiam
357 2098 388 2162 in
410 2098 483 2180 ipsa
499 2115 609 2164 rerum
629 2103 799 2181 gestarum
816 2097 1007 2163 narratione
1024 2114 1100 2163 cum
1117 2095 1237 2164 schola
1256 2095 1494 2163 declamatoria

160 2223 374 2290 cohaereant.
421 2221 520 2305 Quae
544 2240 619 2313 cum
654 2221 697 2288 ita
730 2223 803 2300 sint,
837 2223 868 2288 in
896 2221 973 2288 Livii
1003 2227 1034 2289 et
1060 2218 1212 2304 Dionysii
1247 2221 1495 2288 narrationibus

160 2347 299 2432 originis
319 2347 436 2431 populi
454 2321 600 2416 Romani
622 2347 710 2413 hunc
734 2347 920 2432 „ab'signis
939 2346 989 2413 vel
1016 2345 1209 2414 huiusmodi
1235 2347 1494 2431 praenuntiatio-

159 2473 276 2540 nibus“
304 2472 416 2539 locum
442 2472 655 2554 rhetoricum,
680 2489 750 2555 quo
775 2473 852 2556 ipso
879 2472 972 2539 initio
999 2471 1214 2539 historiarum
1240 2471 1340 2539 iuturi
1366 2471 1494 2555 imperii

159 2598 252 2680 orbis
283 2604 443 2664 terrarum
476 2596 549 2663 laus
579 2597 652 2665 cani
684 2603 824 2682 poterat
856 2597 992 2664 inveniri
1023 2581 1144 2663 mirum
1178 2613 1247 2664 non
1279 2603 1337 2662 est.
1387 2597 1494 2680 Atque

161 2719 345 2805 Dionys.
371 2719 454 2789 llal.
482 2720 621 2789 llomeri
641 2719 766 2799 versus,
797 2738 885 2805 quos
910 2721 1028 2789 ailerre
1058 2739 1099 2788 ex
1123 2739 1186 2788 usu
1216 2721 1421 2788 scholastico
1445 2727 1496 2787 est

158 2846 250 2933 (dicit
272 2847 368 2914 'enim
399 2846 555 2914 Menand.
584 2846 616 2913 ΙΙΙ
650 2849 724 2926 393,
752 2849 789 2914 5;
823 2849 909 2933 ἔχειν
930 2849 967 2912 δὲ
991 2848 1041 2912 δεῖ
1063 2871 1100 2912 σε
1122 2847 1250 2931 μνήμην
1273 2847 1328 2911 καί
1350 2855 1496 2929 ποιητῶν

160 2972 327 3056 ἐπισήμων
343 2972 496 3055 Ὁμήρου,
515 2972 679 3046 Ἡσιόδου,
697 2979 763 3037 τῶν
776 2942 939 3056 λυρικῶν),
958 2972 1228 3039 vaticinationem
1249 2958 1377 3054 imperii
1396 2969 1494 3037 futuri

160 3115 236 3164 esse
261 3098 502 3181 interpretatur,
526 3115 602 3163 cum
621 3090 739 3163 ‘narrat
763 3095 787 3182 (l
808 3099 859 3174 53,
879 3097 928 3182 5);
952 3098 1131 3183 πεποίηται
1144 3095 1206 3180 γὰρ
1227 3097 1314 3179 αὐτῷ
1335 3097 1368 3161 ἐν
1388 3094 1496 3160 Ἰλιάδι
1567 3091 1569 3096 ’

158 3223 332 3287 Ποσειδῶν
349 3223 519 3306 προλέγων
537 3223 595 3305 τὴν
613 3223 794 3305 μέλλουσαν
813 3223 948 3286 ἔσεσθαι
971 3223 1044 3305 περὶ
1066 3221 1122 3286 τὸν
1136 3220 1269 3285 Αἰνείαν
1291 3221 1348 3285 καὶ
1366 3221 1442 3295 τοδς
1460 3221 1495 3293 ἐξ

162 3347 285 3412 ἐκείνου
309 3348 543 3431 γενησομένους
567 3346 753 3429 ἐπιφάνειαν
777 3348 842 3413 ὧδέ
863 3369 944 3421 πως·

374 3480 427 3536 νῦν
451 3472 486 3536 δὲ
510 3472 549 3555 δὴ
570 3472 702 3536 Αἰνείαο
726 3474 780 3556 βίη
808 3472 972 3556 Τρώεσσιν
996 3470 1105 3544 ἀνάξει
1184 3552 1188 3562 Ι

374 3597 430 3661 καί
448 3597 561 3672 παῖδες
578 3598 714 3672 παίδων,
738 3591 793 3662 τοί
808 3619 863 3662 κεν
880 3597 1061 3680 μετόπισδε
1079 3573 1281 3680 γένωνταιδ),

244 3723 310 3806 (56,
341 3722 376 3805 4)
405 3722 499 3785 παισὶ
521 3723 557 3786 δὲ
581 3723 681 3787 αὐτοῦ
708 3721 769 3804 (Se.
794 3721 942 3804 Aeneae)
972 3721 1027 3786 καὶ
1057 3722 1202 3804 ἐγγόνοις
1230 3722 1365 3784 locarat
1396 3721 1496 3804 ἀρχὴν

162 3843 319 3931 μεγίστην
342 3846 398 3910 καί
421 3846 473 3910 ἐπὶ
496 3848 648 3911 πλεῖστον
671 3846 785 3930 χρόνον
808 3846 1137 3929 ἐκμηκυνθησομένην
1159 3845 1307 3931 ὑπάρξαι.

163 4028 375 4036 *—

271 4139 293 4206 1)
322 4141 412 4204 Quem
433 4142 573 4197 Ciceronis
595 4143 687 4195 locum
707 4143 780 4196 citat
800 4142 883 4204 Peter
905 4142 921 4195 l.
941 4155 966 4195 c.
987 4143 994 4194 l
1016 4154 1043 4209 p.
1068 4141 1109 4195 10.
1139 4140 1273 4194 conteras
1294 4152 1407 4207 quoque
1425 4140 1495 4193 Nor-

165 4232 282 4296 denum,
309 4231 491 4298 Kunslprosa
516 4233 525 4285 1
548 4233 597 4286 82:
630 4231 701 4297 „Die
729 4231 1069 4299 Geschichtsschreihung
1149 4244 1222 4300 ganz
1245 4230 1433 4298 panegyrisch

115 4373 119 4383 ,
164 4322 203 4375 sie
222 4321 305 4374 sollte
325 4321 369 4373 ein
391 4311 553 4394 ἐγκώμιον
572 4321 621 4373 cler
642 4321 781 4386 Freunde,
801 4323 845 4373 ein
865 4311 967 4394 ψόγος
986 4321 1035 4374 der
1057 4321 1161 4373 Feinde
1180 4317 1269 4374 sein.“

271 4424 294 4490 ²)
326 4428 391 4483 ilias
420 4427 476 4480 XX
505 4427 573 4493 307;
603 4427 733 4482 similiter
760 4428 848 4480 etiam
874 4426 978 4496 Vergil.
1007 4427 1041 4480 A.
1070 4428 1111 4480 lll
1135 4427 1170 4479 97
1195 4425 1356 4492 Apollinem
1384 4425 1496 4478 Aeneae

167 4517 375 4594 vaticinantem
394 4517 570 4585 fingit-haec
590 4517 691 4570 verba:

435 4607 499 4672 „hic
519 4607 620 4659 domus
641 4606 753 4658 Aeneae
773 4606 884 4659 cunctis
905 4605 1103 4659 dominabitur
1121 4605 1176 4659 oris

432 4697 460 4748 et
480 4696 541 4748 nati
562 4696 695 4748 natorum
715 4697 744 4748 et
765 4696 813 4761 qui
835 4696 988 4749 nascentur
1008 4695 1045 4747 ah
1065 4691 1148 4748 illis.“
