3682 5520
1477 349 1519 413 45

190 535 350 630 labefacta
380 562 508 632 Romae
539 563 765 630 aeternitatem
798 563 1103 662 ipsamycelebrare
1134 563 1255 628 veritus
1285 559 1522 628 tantummodo

192 689 275 754 haec
300 701 420 772 rogare
443 687 769 772 audet-(lib.1145):
1266 753 1267 756 ,
1590 658 1592 666 ,

374 813 574 892 „Aeternum
600 813 656 879 tibi
682 811 816 881 Rhenus
841 792 918 889 aret,
942 811 998 877 tibi
1024 810 1118 880 Nilus
1143 810 1287 888 inundet

423 934 636 1020 altricemque
664 953 761 1004 suam
785 936 898 1016 fertilis
923 937 1015 1003 orbis
1039 936 1137 1012 alat‘f,

189 1062 274 1130 idem
304 1064 381 1129 137:

373 1186 492 1270 „Quae
519 1193 653 1264 restant,
679 1174 778 1253 nullis
800 1171 951 1254 obnoxia
975 1193 1130 1270 tempora
1155 1187 1260 1263 metis,

271 1286 278 1289 ”
424 1311 522 1378 durn
555 1313 828 1389 stabuntterrae,
853 1311 932 1378 durn
958 1310 1060 1395 polus
1083 1317 1171 1378 astra
1190 1311 1337 1396 teretur·

295 1453 380 1520 Cum
417 1456 504 1521 lranc
538 1454 579 1521 de
611 1456 802 1521 aeternitate
836 1448 927 1520 urbis
959 1452 1317 1536 imperiique-laudem
1347 1447 1523 1536 tantopere

188 1585 402 1664 pervagatam
441 1593 517 1647 esse
555 1581 826 1663 cognoverimus,
863 1596 932 1671 non
969 1574 1138 1656 miramur,
1173 1576 1267 1661 quod
1291 1577 1369 1643 illud
1397 1578 1523 1656 ,urbs

187 1711 395 1782 aeterna“,
411 1703 502 1786 quod
513 1702 678 1771 Tibullum
696 1706 840 1788 primum
857 1706 889 1770 in
904 1690 1070 1771 formulae
1094 1704 1159 1768 vim
1185 1702 1352 1787 redegisse
1368 1702 1523 1770 Mourius

188 1829 342 1907 ostendit,
377 1829 466 1896 brevi
497 1803 655 1913 tempore
686 1830 838 1896 omniurn
871 1831 902 1895 in
937 1822 997 1897 'ore
1029 1847 1069 1901 ac
1101 1845 1262 1895 sermone
1290 1827 1389 1893 luerit
1420 1834 1452 1893 et
1480 1827 1523 1893 ab

189 1952 517 2056 lemssijisdoes
564 1960 670 2022 aetate
712 1953 881 2037 pubiicum
925 1954 1096 2038 epitheton
1136 1952 1264 2022 Romae
1305 1952 1392 2019 facta
1428 1951 1522 2036 sit2).

296 2104 319 2170 1)
345 2108 408 2160 Huc
430 2109 644 2173 quodammodo
664 2119 697 2158 ea
719 2089 834 2175 quoque
856 2108 988 2174 loquendi
1009 2108 1083 2160 ratio
1103 2108 1239 2174 pertinet,
1265 2121 1321 2174 qua
1346 2107 1408 2173 ipsa
1432 2109 1524 2158 aeter-

188 2198 263 2250 nitas
296 2186 404 2254 Rornae
438 2197 703 2262 comprehenditur,
736 2211 801 2263 cqm
837 2199 904 2264 qnid
938 2199 1040 2263 poetae
1073 2199 1212 2263 perpetuo
1242 2196 1372 2249 futurum
1401 2208 1461 2250 esse
1489 2209 1522 2248 eo

187 2286 350 2352 affirmant,
370 2289 403 2339 ut
419 2287 530 2358 addant
546 2286 634 2338 verba
651 2286 747 2352 qualia
765 2289 852 2354 „dum
867 2286 962 2349 Roma
977 2283 1098 2339 stabit“.
1127 2287 1223 2353 Atque
1239 2286 1376 2338 nonnulla
1391 2284 1522 2351 exempla

109 2367 115 2382 ’
186 2377 271 2428 huius
297 2376 408 2429 dicendi
434 2389 500 2429 usus
526 2374 626 2443 (quern
650 2376 716 2435 inde
741 2376 881 2444 aVergili
907 2377 1003 2428 aetate
1027 2375 1167 2428 formulae
1193 2377 1250 2435 vim
1265 2371 1439 2429 'assecutum
1464 2387 1523 2428 esse

169 2450 308 2518 'annotat
319 2465 476 2519 reinnerus
491 2466 526 2517 aa
539 2465 613 2518 stat.
629 2463 693 2518 snv.
710 2465 757 2530 ra,
776 2461 848 2530 102),
864 2465 1061 2518 arrererrceat:
1075 2465 1204 2533 reign.
1218 2464 1335 2518 nenne
1348 2465 1414 2519 aaa:

402 2554 576 2620 „Fortunati
592 2553 692 2608 ambo!
708 2555 803 2620 siquid
820 2567 882 2606 mea
897 2555 1025 2614 carmina
1041 2557 1173 2620 possunt,

400 2643 480 2695 nulla
497 2643 556 2696 dics
573 2657 712 2710 umquam
729 2645 846 2697 memori
869 2658 919 2698 vos
935 2645 1044 2696 eximet
1059 2657 1142 2709 aevo,

398 2735 479 2785 dum
500 2732 968 2800 domuslleneaecapitoli
989 2733 1174 2786 immobile
1194 2733 1320 2786 saxum

240 2877 244 2886 ,
399 2821 510 2874 accolet
530 2823 738 2889 imperiumque
759 2825 841 2890 pater
863 2823 1009 2880 Romanus
1030 2820 1180 2888 habebit‘,
1237 2884 1241 2891 ¹

294 2911 435 2963 Horat.
456 2924 479 2963 c.
503 2911 609 2975 11130,
630 2913 659 2964 7:

672 3014 780 3068 „usque
802 3013 854 3068 ego
875 3003 988 3066 postera
1078 3051 1082 3060 ,

398 3101 522 3142 crescam
544 3088 628 3140 laude
642 3103 755 3156 recens,
784 3091 871 3142 dum
902 3089 1158 3156 Capitolium

259 3214 262 3222 ·
398 3179 572 3231 scandet
602 3191 685 3230 curn
716 3181 852 3253 tacita
878 3181 1044 3248 uirgine
1075 3175 1299 3245 pontiiex“,

296 3267 410 3326 Ouid.
430 3269 467 3319 tr.
489 3267 530 3320 lll
551 3269 577 3332 7,
597 3268 646 3322 51:
864 3270 865 3274 ’

344 3409 347 3414 ,
403 3356 606 3423 „Dumque
634 3357 691 3410 suis
711 3358 822 3422 septern
843 3358 948 3410 victrix
967 3359 1002 3410 de
1022 3355 1169 3410 montibus
1189 3357 1286 3410 orbem

452 3447 605 3511 prospiciet
626 3447 768 3499 domitum
789 3446 894 3498 Martia
916 3446 1053 3511 Roma,
1067 3443 1183 3514 ¹legar“,

292 3534 330 3586 nr.
351 3547 407 3586 am.
429 3535 437 3584 1
461 3535 503 3600 15,
522 3520 571 3588 25:

402 3624 538 3691 „Tityrus
559 3626 587 3676 et
607 3626 716 3692 segetes
736 3624 900 3690 Aeneiaque
922 3636 1001 3676 arm-a
1018 3624 1156 3692 legentur,

455 3712 575 3769 Roma
605 3713 857 3779 triumphati
888 3715 975 3766 durn
1004 3715 1130 3780 caput
1160 3713 1273 3766 orbis
1303 3713 1385 3765 erit

195 3857 197 3867 ,
296 3801 397 3854 Stat.
418 3801 481 3854 silv.
503 3802 511 3853 l
532 3802 558 3867 6,
582 3801 644 3854 100:
679 3810 681 3814 ‘

400 3892 437 3956 „d
449 3903 507 3943 um
538 3893 695 3944 montes
722 3891 796 3943 Latii
817 3893 957 3958 paterque
977 3882 1110 3960 Thybris
1219 3961 1220 3965 Ἰ

329 3993 331 3996 ·
371 3973 1041 4046 ‚dumstabi'ttuaRomadumque
1062 3981 1143 4034 terris
1193 4045 1195 4050 Ι

399 4071 473 4135 quod
494 4070 588 4126 reddis
610 4069 783 4136 Capitolium
805 4067 963 4136 manebit“,

290 4157 328 4209 ra.
349 4157 412 4210 snv.
434 4159 442 4210 r
466 4158 489 4222 r,
509 4137 565 4211 osi

534 4247 655 4313 ,‚stabit,
675 4249 743 4300 dnm
766 4250 840 4300 terra
860 4248 1010 4314 polusque,

398 4337 487 4388 durn
510 4336 687 4393 Romana
713 4335 830 4390 dies.“

292 4423 375 4491 (Cum
400 4425 453 4478 lroc
477 4426 552 4479 Stati
577 4439 659 4480 versu
685 4427 814 4479 conferas
838 4426 928 4483 Rutil.
953 4428 962 4478 i
992 4426 1042 4480 133
1067 4427 1095 4478 et
1122 4425 1260 4481 Dracont.
1285 4440 1308 4479 c.
1329 4429 1356 4493 7,
1375 4427 1424 4480 23:
1447 4425 1524 4493 „Ro-

182 4525 273 4565 mana
293 4513 320 4565 in
341 4511 498 4578 saecula.“)
1242 4541 1244 4546 ·

222 4669 224 4672 Ι
291 4597 313 4664 2)
338 4595 504 4656 lordan:
532 4605 635 4656 Forma
657 4603 740 4659 Urbis
764 4603 870 4660 Rornae
892 4605 998 4672 proleg.
1020 4617 1047 4671 p.
1064 4605 1085 4657 ¹8
1110 4608 1138 4658 et
1158 4603 1370 4660 Wissowa:
1394 4605 1523 4672 Religion

181 4708 210 4746 u.
231 4690 336 4749 ltnltus
358 4693 406 4744 der
429 4692 531 4748 Rdmer
555 4685 577 4758 ²,
597 4706 624 4758 p.
644 4693 712 4758 341;
732 4693 796 4758 341,
817 4693 843 4746 2.

1387 3709 1404 3734 tt

1410 3755 1416 3777 5
