3664 5512
173 533 364 602 Statium
389 534 421 600 S.
446 534 486 600 lV
510 537 539 610 3,
568 535 627 602 153
651 535 698 618 (in
726 533 908 601 Domitiani
934 515 1067 617 quidem
1093 531 1319 616 impertum1):

309 659 472 739 „iuravit
494 660 550 725 tibi
577 661 641 725 iam
662 659 782 746 nivalis
807 659 925 726 Arctus
999 747 1002 753 Ι

334 801 421 848 nunc
447 797 591 869 magnos
616 782 740 850 Oriens
763 782 851 849 dabit
875 784 1075 866 triumphos

278 978 282 987 ,
333 907 395 974 ibis
415 925 481 990 qua
506 922 611 994 vagus
638 906 797 976 tlercules
821 915 852 974 et
878 906 995 973 Euhan

333 1032 450 1098 ultra
474 1032 629 1101 sidera
652 1031 915 1116 flammeumque
939 1007 1061 1100 solem

324 1163 365 1222 et
389 1156 450 1224 Nili
475 1165 629 1240 caputet
655 1158 746 1239 niues
770 1155 939 1233 Atlantis‘,

174 1316 470 1384 Prudentium
496 1319 528 1384 in
553 1283 678 1400 Syrum.
704 1317 733 1384 ll·
750 1319 807 1384 65:

334 1423 448 1521 „Tunc
471 1444 526 1509 tibi
553 1460 621 1510 non
647 1445 742 1509 terris
765 1449 893 1509 tanturn
918 1445 1055 1509 victoria
1080 1453 1182 1526 parta.
1355 1531 1358 1538 Δ

330 1567 390 1635 sed
415 1559 697 1650 supe'r‘astra
722 1539 819 1634 etiarn
847 1557 955 1634 media
979 1569 1163 1634 servabitur
1186 1567 1299 1670 aedef‘,

173 1726 296 1820 ibidem
324 1727 333 1794 l
360 1729 440 1794 588:

815 1855 997 1937 „omnique
1022 1855 1189 1921 volentem

286 2000 289 2007 ·
333 1958 407 2042 curn
434 1977 575 2062 populo'
590 1987 621 2045 et
645 1979 787 2045 summis
811 1997 886 2044 cum
912 1979 1037 2045 civibus
1055 1979 1165 2044 'ardua
1190 1980 1301 2061 magni

222 2170 224 2178 ,
333 2103 397 2167 iam
423 2120 559 2186 super
583 2113 694 2170 astra
720 2104 804 2187 poli
830 2111 1038 2169 terrenum
1060 2103 1283 2169 extendere
1305 2108 1501 2185 regnum.“

174 2261 706 2346 Draconl.c.prol.8‚194:
758 2271 760 2275 ’

336 2385 525 2466 ·‚‚Tr0ian0s
550 2403 689 2472 regnare
715 2390 830 2472 placet,
855 2409 920 2474 qua
945 2390 1028 2456 solis
1053 2358 1204 2457 habenae
1300 2377 1301 2381 ¹

334 2512 516 2579 ostendunt
539 2514 725 2597 tolluntque
750 2515 847 2592 diem,
872 2533 937 2598 qua
962 2516 1096 2581 vertitur
1118 2516 1216 2581 axis

331 2637 528 2720 frigidus
553 2646 584 2704 et
607 2655 694 2705 zona
718 2625 909 2705 flammatur
932 2640 1005 2706 sole
1030 2657 1185 2707 corusco

332 2760 488 2829 Troianis
512 2763 643 2830 dabitur
665 2771 757 2831 totus
782 2767 958 2848 possessio
984 2764 1158 2832 mundus.“

280 2921 386 2991 Polos
410 2924 524 2990 mundi
550 2916 648 2990 etiam
674 2924 956 2991 Claudianus
985 2924 1212 3007 amplitudinis
1236 2925 1363 3008 imperii
1389 2924 1504 2992 laudes

172 3065 299 3114 canens
322 3046 417 3114 alleri
440 3045 552 3128 (Proh.
577 3025 690 3132 Olybr.
715 3066 785 3115 cos.
814 3051 903 3134 t2l):

334 3172 472 3258 (Roma)
566 3174 675 3257 legum
702 3175 849 3257 genetrix
875 3167 1043 3258 longeque
1068 3173 1215 3258 regendo

334 3298 614 3365 circumfusa
639 3299 749 3381 polo
774 3316 920 3366 consors
944 3299 1072 3366 addicta
1097 3297 1272 3366 Tonanti.“

280 3491 303 3568 1)
325 3505 459 3560 Similiter
489 3507 590 3586 poetae
620 3517 837 3572 nonnumquam
860 3488 967 3562 Romae
989 3506 1217 3574 magnitudinem
1238 3506 1414 3573 praedicant,
1439 3519 1504 3558 cunr

173 3593 324 3662 imperium
354 3595 390 3647 ad
418 3595 546 3663 geminos
576 3597 667 3647 terrae
696 3607 764 3646 axes
794 3594 897 3662 porrigi
927 3595 1116 3661 contendunt,
1146 3597 1179 3646 ut
1200 3596 1339 3648 Lucan.
1361 3595 1504 3649 V11421:
1587 3639 1589 3644 .

388 3685 495 3749 „Omne
517 3684 569 3736 tibi
591 3684 695 3737 bellum
715 3685 813 3752 gentes
834 3684 914 3737 dedit
934 3683 1064 3736 omnibus
1084 3684 1184 3736 armis:

387 3775 414 3825 te
435 3773 632 3842 geminum
653 3773 738 3826 Titan
759 3774 907 3840 procedere
929 3772 1003 3826 vidit
1023 3773 1050 3825 in
1070 3773 1205 3826 axem.“

174 3862 385 3916 Claudian.
409 3862 517 3916 stilicn.
545 3862 673 3916 lll138:

389 3952 483 4016 „llaec
502 3952 674 4020 estexiguis
696 3965 767 4020 quae
787 3950 893 4004 tinibus
914 3952 976 4003 orta
998 3951 1124 4003 tetendit

388 4040 753 4110 ingeminosaxes“

175 4129 299 4187 Rutil.
325 4130 402 4183 lot:
675 4131 702 4205 '‚

389 4218 557 4284 „Quantum
578 4219 674 4271 vitalis
695 4220 799 4272 natura
819 4219 945 4272 tetendit
965 4219 992 4270 in
1012 4233 1124 4283 a-xes,

494 4309 609 4361 tantum
630 4308 732 4360 virtuti
753 4308 850 4375 pervia
871 4310 945 4360 terra
966 4308 1059 4362 tuae.⁴‘

176 4397 309 4452 Sidon.
330 4398 458 4465 Apoll,
479 4410 502 4450 c.
522 4399 549 4461 5,
570 4397 636 4450 472:

493 4498 575 4551 „nam
597 4486 737 4554 quidquid
759 4487 907 4554 languidus
937 4487 1024 4538 axis

387 4575 501 4628 cardine
523 4575 653 4628 Sithonio
673 4575 727 4627 sub
749 4577 885 4628 Parrhase
906 4575 1030 4643 parturit
1051 4581 1124 4642 ursa,
1144 4603 1148 4610 ·

387 4664 440 4720 troc
456 4665 555 4720 ,totum
577 4664 627 4726 tua
646 4665 726 4734 signa
746 4663 858 4732 pavet.“
