3664 5512
1452 339 1512 402 115

184 561 313 614 omne
347 547 583 614 bumanum
618 549 798 632 genusl)
830 549 1016 615 secundum
1047 548 1131 614 deos
1164 565 1288 615 nomen
1322 546 1511 618 Romanum

183 671 399 754 veneretus?“
448 667 621 755 Appiall
648 689 801 757 prooem.
826 676 860 738 9:
888 675 965 749 ,καὶ
983 677 1063 757 Ιὅρος
1087 672 1174 736 ἐστίν
1198 674 1306 749 αὐτοῖς
1330 669 1348 737 ό
1372 674 1513 748 ὠκεανὸς

154 875 156 880 Ι
182 795 360 880 ἀρχομένου
385 821 418 861 τε
443 797 497 860 καί
521 798 676 880 δυομένου
700 807 759 864 τοῦ
780 800 871 873 θεοῦ,
896 800 1067 881 θαλάσσης
1091 821 1126 860 τε
1150 799 1258 880 πάσης
1281 797 1512 880 ἡγεμονεύουσι
1624 813 1627 826 ·

182 927 239 1004 τῆς
267 921 356 996 ἐντὸς
388 924 488 1004 οὔσης
520 923 575 987 καί
603 923 710 1011 νήσων
742 924 877 989 ἁπασῶν
911 925 965 987 καὶ
1000 923 1032 986 ἐν
1063 931 1111 1007 τῷ
1146 925 1280 1006 ὠκεανῷ
1312 921 1512 1005 Βρεττανῶν,

185 1044 264 1112 Dio
281 1045 456 1113 Cassius
470 1045 571 1114 XLlV
586 1050 636 1125 43,
657 1052 667 1113 l
689 1049 773 1131 ἡμᾶς
794 1051 887 1130 ὅρους
900 1051 945 1132 μὴ
965 1057 1025 1133 γῆν
1039 1048 1115 1131 μηδ’
1132 1047 1323 1130 ἀνθρώπους
1338 1046 1374 1110 τὸ
1390 1045 1512 1121 λοιπὸν,

183 1169 264 1254 ἀλλὰ
286 1169 365 1254 ἀέρα
389 1172 443 1235 καί
464 1173 521 1256 τὴν
543 1173 606 1246 ἔξω
627 1147 796 1238 θάλατταν
810 1175 905 1257 ἔχειν,
922 1180 1040 1239 aucte
1051 1190 1073 1240 0
1085 1191 1101 1238 S
1113 1191 1143 1238 m
1158 1187 1245 1256 ogr.
1258 1177 1317 1238 la:
1343 1171 1513 1257 (Romani)

185 1313 281 1374 „cum
306 1294 464 1379 quidquid
488 1297 637 1364 subiacet
661 1296 756 1363 caelo
783 1304 992 1380 penetrarent
1015 1298 1199 1380 triumphis,
1228 1315 1366 1364 onmem
1392 1305 1512 1364 terram

183 1422 301 1489 oceani
341 1421 445 1488 limbo
487 1422 724 1489 circumdatam
768 1423 934 1489 invenisse
973 1429 1072 1511 atque
1112 1440 1185 1487 eam
1228 1441 1268 1488 ne
1309 1423 1514 1508 incognitam

184 1546 327 1629 posteris
358 1546 574 1631 reliquissent,
607 1547 786 1631 subiugato
820 1549 936 1614 virtute
969 1565 1030 1613 sua
1064 1548 1147 1613 orbe
1183 1553 1292 1613 tolum
1331 1564 1396 1631 qua
1428 1554 1514 1613 terra

183 1670 391 1768 protenditur
415 1672 556 1756 proprio
581 1670 681 1740 limite
705 1672 977 1757 significavisse“;
1003 1671 1152 1739 similiter
1175 1673 1273 1737 etiam
1299 1669 1512 1755 Panegyr.

136 1783 138 1786 ’
184 1795 250 1862 Lat.
273 1795 339 1862 Vlll
365 1799 415 1874 20,
440 1799 475 1864 5:
518 1795 635 1876 „Nulla
668 1798 901 1892 progrediendi
935 1815 1038 1863 causa
1071 1803 1225 1879 superest
1259 1796 1318 1862 nisi
1353 1796 1390 1873 si,
1423 1794 1515 1879 quod

184 1928 300 1987 natura
324 1922 432 2000 vetuit,
460 1921 546 1988 lines
570 1923 675 2005 ipsius
698 1930 900 2006 quaerantur
924 1923 1073 1990 oceani.“

258 2063 373 2129 ·lllibi
408 2072 518 2130 autem
554 2082 720 2132 oceanum
747 2065 870 2133 medio
909 2067 940 2131 in
976 2064 1118 2147 imperio
1146 2063 1311 2163 'Romano
1350 2069 1383 2130 et
1420 2063 1514 2146 quasi

184 2196 310 2273 partem
336 2189 408 2256 eius
432 2206 507 2256 esse
531 2191 690 2273 scriptum
716 2196 779 2267 est;
810 2190 951 2273 legimus
976 2190 1063 2255 enim
1090 2188 1179 2272 apud
1204 2187 1355 2256 Senec.
1382 2189 1514 2270 epar:

292 2288 473 2394 „Oceanus
498 2314 643 2380 medium
670 2314 813 2381 venitin
840 2315 1048 2397 imperium“‚
1101 2316 1103 2321 ’
1249 2308 1252 2314 ’

183 2456 366 2525 Α’ῐίείίά.
393 2459 446 2524 10:
474 2457 511 2520 οὐ
534 2458 597 2541 γὰρ
621 2458 776 2523 σκόπελοι
800 2458 970 2522 θαλάττιοι
1072 2455 1174 2541 ἀρχὴν
1198 2458 1425 2539 ὁρίζουσιν...
1446 2455 1515 2519 οὐδ’

184 2581 236 2646 ἐπί
259 2591 390 2656 τακτοῖς
414 2585 500 2665 ὅροις
523 2583 710 2664 βασιλεύετε
812 2581 883 2645 ἀλλ’
908 2585 928 2665 ἡ
951 2583 1010 2665 μέν
1033 2582 1182 2646 θάλαττα
1207 2585 1316 2663 ὥσπερ
1349 2580 1435 2664 ζώνη
1468 2603 1516 2656 τις

184 2706 217 2770 ἐν
239 2708 331 2790 μέσῳ
356 2715 414 2790 τῆς
438 2695 640 2791 οἰκουμένης
657 2710 777 2791 ὁμοίως
810 2709 867 2772 καί
896 2715 954 2790 τῆς
982 2709 1137 2791 ὑμετέρας
1169 2707 1341 2790 ἡγεμονίας
1373 2707 1514 2771 τέταται.

184 2829 335 2898 Senec.
359 2850 410 2916 ep.
435 2835 492 2900 33:
1026 2913 1029 2922 q

293 2955 436 3036 „Ultima
460 2957 613 3044 cingebat
635 2957 777 3042 Thybris
801 2966 865 3036 tua,
891 2958 1042 3036 Romule,
1067 2973 1168 3041 regna

345 3081 397 3149 lric
420 3083 475 3149 tibi
499 3082 575 3149 linis
600 3091 677 3160 erat,
702 3083 857 3166 religiose
882 3081 1007 3160 Numa;

292 3213 322 3273 et
345 3214 410 3285 tua,
436 3207 527 3286 Dine,
551 3214 611 3274 tuo
635 3214 763 3274 sacrata
788 3209 938 3292 potentia
962 3207 1058 3274 caelo

230 3311 233 3316 ¹
323 3333 326 3338 '
345 3338 528 3399 extremum
554 3333 635 3408 citra
657 3333 803 3398 constitit
826 3331 1025 3407 Oceanum.¹

291 3456 332 3522 At
356 3474 469 3522 nunc
494 3453 654 3523 Oceanus
678 3458 833 3541 geminos
858 3458 1000 3523 interluit
1024 3457 1141 3523 orbes:

282 3591 285 3600 ¹
345 3599 422 3664 pars
447 3588 496 3647 est
520 3583 657 3665 imperii,
680 3583 841 3647 terminus
865 3589 940 3648 ante
964 3581 1085 3665 luitf‘l)
1113 3623 1115 3628 -

184 3715 339 3789 Similiter
362 3726 460 3790 etiarn
486 3721 608 3790 Ouid.
633 3731 708 3790 met.
732 3724 794 3791 XV
817 3726 897 3791 820:

294 3846 404 3930 „Quid
425 3849 480 3914 tibi
506 3849 693 3915 barbariam
719 3856 902 3932 gentesque
927 3850 968 3914 ab
995 3857 1137 3933 utroque
1162 3850 1309 3916 iacentes

293 4033 314 4101 ¹)
338 4037 471 4091 Similiter
494 4039 637 4092 Florus
663 4040 688 4091 ll
712 4039 753 4103 14,
771 4039 803 4092 8':
831 4039 998 4104 „Romanae
1019 4039 1223 4090 dominationis
1244 4039 1271 4090 id
1291 4039 1335 4090 est
1354 4038 1515 4091 humani
1567 4083 1570 4089 .

185 4140 249 4196 gen
260 4124 364 4193 eris“‚
385 4127 460 4179 idem
481 4129 499 4192 l,
519 4129 540 4192 l,
554 4129 584 4180 2:
602 4128 920 4194 „PopulusRomanus
933 4169 959 4181 ..
976 4128 1017 4179 ita
1034 4129 1090 4180 late
1107 4140 1155 4193 per
1172 4127 1268 4180 orbem
1284 4129 1423 4180 terrarum
1439 4139 1519 4179 arma

185 4215 372 4282 circumtulit,
393 4216 493 4283 utqui
514 4230 556 4268 res
576 4216 649 4271 illius
671 4218 769 4284 legunt
790 4231 845 4269 non
867 4218 950 4271 unius
971 4218 1079 4283 populi,
1104 4217 1153 4270 sed
1174 4216 1334 4284 generis
1354 4216 1402 4267 bu
1415 4215 1518 4267 mani
1616 4237 1618 4244 ·

184 4305 265 4358 iacta
298 4302 494 4372 condiscant,“
531 4309 560 4358 et
592 4306 784 4358 Themist.
819 4321 858 4358 or.
890 4305 965 4358 Xlll
1004 4306 1104 4359 1783:
1141 4303 1200 4360 τοῦ
1237 4295 1520 4376 ἀνθρωπίνου

184 4384 342 4468 φύλου,
369 4383 409 4447 οὗ
425 4385 605 4466 προστάται
629 4385 763 4468 ἐλάχετε
787 4385 877 4448 εἶναι.
1429 4382 1431 4386 ’

292 4480 315 4547 ²)
337 4484 398 4537 Ηοε
417 4483 594 4552 epigramma
614 4484 726 4550 praeter
747 4485 839 4536 locum
860 4484 1047 4550 rhetoricum,
1077 4483 1126 4551 qui
1151 4485 1194 4536 est
1219 4483 1256 4535 ab
1276 4483 1400 4547 Oceano,
1428 4482 1520 4533 artem

153 4557 156 4563 ⁴
184 4573 387 4626 scholasticam
416 4572 524 4640 proiert
552 4574 613 4641 ipsa
643 4586 757 4640 quoque
786 4573 970 4625 contentione
999 4572 1222 4638 sententiarum,
1254 4584 1326 4639 quae
1354 4572 1454 4623 eadem
1478 4572 1522 4624 est
1583 4626 1586 4633 ,

185 4664 273 4731 atque
294 4662 321 4714 in
343 4661 427 4715 Ovidi
448 4662 591 4716 nonnullis
612 4663 797 4726 carminibus,
820 4676 893 4729 quae
915 4663 1105 4716 tractavimus
1127 4675 1214 4728 supra
1234 4675 1261 4728 p.
1273 4661 1309 4714 36
1327 4673 1370 4727 sq.

1380 4748 1467 4804 8¹⁸¹·
