3682 5520
333 303 373 368 10

332 512 379 580 Ex
390 513 511 581 eodem
522 514 616 581 ionte
628 515 796 583 rhetorico
815 517 930 584 nescio
947 533 988 582 an
1008 517 1157 584 videatur
1175 518 1328 586 hausisse
1342 519 1452 585 multis
1471 509 1567 586 annis
1584 530 1659 587 ante

224 675 226 682 ι
292 723 295 727 ι
330 657 406 705 eum
418 637 630 722 Vergilius
647 641 679 706 in
696 640 944 713 clarissimailla
955 641 1064 708 ltaliae
1075 642 1180 728 laude,
1192 661 1267 709 cum
1280 645 1367 710 canit
1380 643 1519 728 (Georg.
1531 643 1552 711 11
1567 647 1658 730 149);

492 763 565 852 „hic
589 782 646 830 ver
670 763 845 831 adsiduum
871 765 1111 849 atquealienis
1135 767 1307 834 mensibus
1332 775 1458 846 aestas;

490 889 539 955 bis
563 887 718 974 gravidae
743 889 898 974 pecudes,
923 890 973 958 bis
998 891 1111 976 pomis
1136 892 1221 970 utilis
1246 894 1379 960 arbos.“

437 1031 553 1116 Neque
587 1018 653 1099 hoc
682 1040 922 1117 argumentum
955 1034 1097 1119 neglegit
1130 1033 1341 1113 Ovidius,
1374 1037 1429 1118 qui
1464 1036 1556 1120 quod
1589 1054 1660 1102 sae·
1705 1096 1710 1101 .

331 1157 467 1241 pissime
486 1164 590 1224 artem
610 1157 809 1227 rhetoricam
825 1149 985 1242 sequitur,
1007 1177 1137 1239 „novae
1155 1161 1270 1244 poesis
1286 1160 1471 1226 rhetoricae
1488 1159 1661 1230 Romanae

199 1291 201 1304 ‘¹
281 1330 283 1334 .
330 1273 487 1366 princeps
501 1289 532 1348 et
544 1282 698 1367 signiter‘
715 1284 784 1349 iure
798 1280 821 1348 a'
835 1281 1001 1350 Friderico
1018 1284 1124 1370 Leo1)
1140 1284 1340 1368 appellatur;
1361 1303 1437 1351 cum
1454 1287 1542 1355 enim
1558 1285 1662 1371 frigus

214 1437 215 1440 ¹
331 1404 506 1473 Ponticum
527 1407 697 1492 vituperat,
717 1408 815 1488 simul
838 1409 962 1492 patriae
983 1406 1118 1475 delicias
1137 1416 1312 1500 enumerat
1326 1411 1382 1494 (ex
1399 1408 1494 1477 Pont.
1508 1409 1574 1488 1111,
1590 1411 1661 1496 11);

492 1529 560 1612 „Tu
587 1549 696 1616 neque
720 1534 903 1600 versantis
928 1533 1071 1600 cinctum
1096 1533 1239 1601 florente
1264 1552 1403 1612 corona,

541 1662 576 1722 tu
603 1673 711 1740 neque
736 1675 927 1724 messorum
954 1676 1102 1742 corpora
1127 1657 1216 1725 nuda
1241 1659 1342 1738 vides,

442 1811 444 1814 ·
491 1799 552 1847 nec
575 1781 631 1848 tibi
658 1784 861 1866 pampineas¹
881 1790 1064 1850 autumnus
1089 1785 1227 1868 porrigit
1252 1801 1350 1852 uvas:

543 1908 677 1992 (cuncta
700 1907 759 1974 sed
786 1908 1004 1974 immodicum
1030 1915 1187 1993 tempora
1205 1908 1309 1993 frigus
1329 1909 1498 1994 habent)“,

241 2138 244 2142 ⁸
330 2049 485 2133 idemque
506 2051 537 2116 in
560 2051 729 2134 praeclara
749 2051 803 2118 illa
822 2052 908 2120 veris
928 2050 1071 2121 Romani
1097 2050 1323 2135 descriptione
1348 2052 1451 2134 (11.111
1476 2055 1539 2138 12),
1561 2071 1662 2136 quam

209 2336 239 2377 lie

143 2407 304 2458 opportunitate

166 2479 279 2532 peritioni·

191 2558 255 2600 urhis

330 2176 429 2244 citare
455 2163 596 2260 longum
620 2175 748 2267 videtur
772 2193 855 2254 esse,
881 2177 1006 2259 patriae
1031 2177 1122 2244 hona
1146 2183 1223 2244 ante
1248 2177 1370 2244 oculos
1395 2177 1503 2243 habet.
1574 2176 1576 2184 ’

437 2317 545 2401 llllagis
569 2319 669 2385 etiam
693 2337 795 2402 quam
821 2337 840 2384 a
865 2319 945 2385 caeli
971 2319 1162 2386 salubritate
1190 2321 1381 2404 scriptores,
1411 2321 1466 2428 qui
1498 2321 1563 2386 hoc
1592 2322 1665 2406 napi

329 2444 456 2518 θέσεως
480 2443 558 2510 loco
584 2443 753 2510 rhetorico
780 2450 923 2522 utuntur,
955 2442 1098 2514 Romam
1124 2444 1259 2510 laudant
1283 2463 1302 2512 a
1327 2445 1547 2529 positione
1572 2446 1663 2519 loci

330 2566 523 2650 Quomodo
558 2575 667 2648 autem
701 2569 779 2637 urbs
811 2569 853 2634 ab
884 2569 946 2635 hac
977 2541 1176 2636 celebranda
1199 2571 1249 2648 sit,
1284 2571 1525 2653 cognoscimus
1550 2588 1591 2636 ex
1615 2571 1665 2636 his

257 2699 259 2703 ’
330 2692 504 2759 Menandri
534 2695 643 2760 verbis
667 2691 716 2778 (111
745 2695 818 2771 348,
847 2690 915 2778 15):
948 2695 1021 2779 περὶ
1044 2696 1103 2778 μὲν
1126 2702 1184 2778 τῆς
1206 2695 1333 2770 θέσεως
1356 2703 1414 2778 τῆς
1437 2695 1509 2760 κατ’
1534 2695 1666 2779 οὐρανὸν

258 2821 260 2823 ’
331 2819 386 2882 καὶ
411 2821 497 2902 ’ὥρας
519 2826 631 2895 ταῦτα,
659 2822 693 2893 ἐξ
709 2820 754 2884 ὧν
769 2822 806 2883 ἄν
829 2843 878 2894 τις
902 2820 1102 2904 ἐγκωμιάζει
1125 2821 1219 2885 πόλιν
1318 2819 1357 2904 ἦν
1382 2821 1416 2884 δὲ
1440 2820 1588 2904 δεύτερον
1611 2821 1666 2884 καὶ

331 2945 438 3028 τρίτον
453 2955 625 3028 στοιχεῖον,
642 2949 732 3020 ὅπως
746 2945 850 3009 κεῖται
864 2944 944 3029 πρὸς
958 2947 1100 3028 ἤπειρον,
1116 2947 1205 3022 ὅπως
1219 2945 1300 3028 πρὸς
1313 2945 1492 3012 δάλαασαν.
1520 2943 1666 3028 Sequen-

267 3061 269 3065 ’
331 3069 419 3135 tibus
450 3067 581 3140 deinde¹
599 3071 770 3137 sententiis
801 3071 915 3136 rhetor
945 3076 1098 3136 accurate
1130 3070 1296 3153 praecipit,
1329 3068 1508 3153 quomodo
1540 3069 1619 3136 urbs
1648 3088 1667 3136 a

332 3194 414 3260 mari
448 3200 588 3272 remota,
618 3193 799 3279 quomodo
831 3195 910 3261 urbs
935 3195 1016 3260 mari
1043 3194 1197 3292 proxima
1224 3192 1448 3278 praedicanda
1472 3195 1520 3260 sit.
1568 3193 1668 3277 Quae

333 3326 510 3403 praecepta
543 3319 611 3385 iere
645 3290 762 3389 omnia
789 3318 940 3411 'adhibita
974 3290 1229 3403 reperimus'in
1261 3317 1507 3387 Ciceronis
1541 3333 1667 3403 magno

333 3439 464 3513 Romuli
499 3445 669 3512 encomio.
698 3445 823 3538 *Atque
854 3445 966 3528 incipit
996 3445 1049 3510 ille
1080 3444 1212 3511 laudem
1244 3445 1307 3508 ἀπὸ
1337 3413 1464 3518 δέσεως
1494 3445 1585 3510 urbis
1616 3443 1667 3509 his

332 3569 440 3636 verbis
465 3569 548 3653 (rep.
566 3569 632 3654 113,
659 3570 709 3654 5);
737 3569 836 3650 „Urbi
862 3577 973 3637 autem
999 3571 1112 3637 locum
1211 3567 1390 3635 incredibili
1416 3569 1668 3653 opportunitate

332 3694 460 3778 delegit.
518 3695 633 3779 Neque
667 3696 755 3762 enim
790 3695 831 3763 ad
866 3713 957 3762 mare
996 3694 1153 3772 admovit,
1190 3693 1282 3778 quod
1317 3675 1344 3760 ei
1380 3694 1450 3760 luit·
1475 3687 1527 3760 illa
1565 3711 1666 3758 manu

333 3821 508 3904 copiisque
558 3820 770 3897 iacillimum,
815 3827 849 3887 ut
896 3821 927 3886 in
973 3834 1075 3904 agros
1126 3818 1324 3889 Rutulorum
1373 3819 1668 3904 ‘Aboriginumque

334 3944 530 4031 procederet
554 3945 608 4031 (cl.
634 3945 791 4012 Menand.
817 3922 890 4023 341),
915 3947 954 4011 3:
980 3947 1074 4028 Ἑξῆς
1095 3946 1135 4046 ἦν
1159 3953 1304 4029 στοιχεῖα
1328 3945 1464 4019 δέσεως,
1491 3947 1580 4019 ὅπως
1602 3945 1668 4028 ἔχει

336 4136 477 4206 Rutilium
514 4149 550 4188 ex
575 4136 688 4187 ‘eadem
729 4136 801 4187 veris
835 4135 1025 4200 descriptione
1068 4135 1239 4188 scholastica
1271 4133 1480 4199 depromprisse
1511 4145 1668 4199 censemus,

333 4239 398 4278 cum
418 4225 539 4279 similem
561 4225 757 4277 laudationem
778 4225 971 4278 invenerimus
992 4225 1070 4290 apud
1088 4223 1254 4277 Dionem
1272 4223 1343 4276 Chr
1357 4236 1407 4291 ys
1426 4237 1468 4276 or.
1490 4222 1605 4275 XXXV
1619 4223 1668 4276 21:

274 4312 275 4316 ’
334 4305 397 4370 ε1σ1
420 4305 455 4370 δὲ
474 4307 629 4388 λειμῶνες
653 4305 768 4368 αὐτόθι
790 4304 955 4386 πάγκαλοι
979 4303 1034 4367 καὶ
1057 4303 1189 4386 φύσις
1213 4303 1321 4380 ἀνδῶν
1345 4325 1380 4366 τε
1400 4302 1455 4365 καὶ
1478 4303 1669 4385 δένδρων

332 4394 540 4494 παρεχόντων
568 4394 626 4476 τὴν
656 4393 750 4457 σκιὰν
777 4393 903 4457 ἄνωθεν
929 4394 1012 4466 ἒξ“
991 4417 1144 4476 υψους..
1160 4395 1226 4456 .οἵ
1247 4415 1283 4456 τε
1310 4391 1489 4474 ὄρνιθες
1513 4389 1724 4474 κατᾴδων·

261 4553 267 4562 Ι
334 4507 417 4548 σιν.
431 4492 661 4567 ..πνεῦμα
690 4507 726 4547 τε
756 4483 806 4547 ἀεὶ
836 4484 965 4568 μέτριον
996 4483 1128 4567 διαρρεῖ,
1159 4482 1215 4546 καὶ
1244 4489 1310 4546 τῶν
1340 4481 1488 4564 ἀέρων“
1468 4504 1489 4563 η
1513 4488 1670 4564 κρᾶσις

277 4635 279 4640 ,
334 4575 431 4657 ὁμοία
431 4533 531 4636 διὰ
548 4573 732 4646 παντός,
757 4573 900 4654 μάλιστα
924 4573 1001 4636 δε
983 4595 1086 4636 εαινιεν
1109 4572 1279 4655 ἀρχομένῳ
1302 4571 1438 4652 δέρει

442 4670 465 4736 ¹)
490 4674 578 4726 index
596 4673 686 4726 schol.
710 4671 790 4725 Gott'
769 4674 865 4741 trugae
885 4684 955 4726 sem.
975 4671 1033 4725 hib.
1058 4671 1176 4740 1892193
1196 4684 1223 4738 p.
1246 4671 1288 4724 10.
