3664 5512
1460 295 1520 358 1¹29

35 565 42 579 ,
155 578 161 588 „
190 504 360 572 afferre
385 505 526 587 coepit“,
552 502 637 570 idem
664 497 733 572 Cat.
754 503 795 570 lV
814 508 843 580 6,
871 507 925 570 ll:
953 504 1060 584 „lianc
1086 505 1210 581 urbem,
1236 505 1378 576 lucem
1406 506 1520 573 orbis

190 637 413 696 terrarum
437 635 536 712 atque
561 631 744 710 arcemll
769 629 922 696 omnium
948 630 1135 714 gentium“;
1166 628 1344 696 Plinius
1363 628 1520 697 xxviia

192 753 300 833 ,adeo
325 753 501 824 Romanos
525 754 614 820 velut
637 752 825 820 alteram
853 753 995 820 lucem
1020 753 1151 820 dedisse
1177 754 1298 821 rebus
1330 754 1520 821 humanis

189 877 375 955 videntur“;
411 876 668 962 llieronym.
693 879 872 945 commin
899 877 1017 945 Ezeclr.
1041 876 1050 943 l
1075 895 1255 977 prooemt
1279 847 1519 958 ,clarissimum

190 1010 411 1072 terrarum
446 1005 643 1091 omnium
679 1003 864 1081 lumen“;
899 999 1021 1069 Firm.
1047 1002 1244 1070 lactant.
1278 1002 1339 1070 dir.
1368 1006 1442 1070 inst.
1467 1001 1520 1070 llll

190 1130 241 1205 25,
272 1131 307 1195 8:
341 1126 483 1212 „Romal
589 1128 731 1206 lumen“;
764 1127 978 1211 Anonym.
1010 1129 1100 1196 orb.
1132 1128 1272 1195 descr.
1296 1129 1353 1194 231
1393 1128 1520 1212 (geogr.

166 1222 295 1336 graec,
321 1251 330 1317 Ι
356 1254 450 1336 205):
477 1253 532 1316 Ἐν
556 1261 624 1327 τοῖς
647 1252 756 1317 ἔθνεσι
780 1253 906 1346 τούτοις
920 1254 965 1362 Ὶὸἑ
990 1253 1102 1336 Ῥώμη
1124 1252 1205 1318 ’στὶν
1228 1253 1320 1328 πόλις
1402 1273 1405 1278 ·

402 1412 512 1496 ἔχοοσ’
537 1411 712 1496 ἐφάμιλλον
735 1421 775 1496 τῇ
799 1413 929 1496 δυνάμει
960 1411 1017 1477 καὶ
1039 1412 1069 1476 τ’
1094 1417 1225 1496 οὔνομα,

402 1539 600 1622 ἅστροιῐῖ)
632 1519 663 1602 τι
687 1538 794 1604 κοινὸν
817 1545 893 1622 τῆς
916 1537 1019 1622 ὅλης
1043 1540 1330 1622 οἰκοομ’ένης,
1389 1619 1391 1624 ,

403 1663 435 1727 ἐν
458 1671 498 1747 τῇ
518 1661 653 1748 Λατίνῃ.
766 1739 769 1744 ¹

190 1795 454 1891 cassiodor.
500 1841 585 1890 var.
631 1822 672 1890 Vl
719 1825 770 1901 23,
819 1824 854 1889 2:
904 1819 1055 1902 ,Exeunt
1100 1842 1120 1889 a
1175 1795 1274 1889 nobis
1328 1822 1520 1906 dignitates:

190 1949 455 2016 relucentes
500 1950 630 2032 quasi
678 1966 698 2014 a
752 1949 852 2014 sole
909 1946 1042 2025 radii,
1099 1956 1133 2015 ut
1180 1949 1210 2013 in
1268 1948 1360 2014 orbis
1416 1949 1530 2014 nostri¹

191 2081 283 2158 parte
308 2072 518 2157 resplendeat
541 2071 703 2149 custodia,
727 2073 879 2140 iustitia.“
927 2071 1083 2163 Similiter
1106 2073 1204 2140 etiam
1230 2071 1414 2140 Aristid.
1442 2073 1520 2139 103:

188 2199 278 2275 τάξις
318 2199 448 2263 πάντων
489 2196 544 2261 καὶ
585 2206 672 2279 φῶς
713 2197 913 2280 λαμπρὸν
959 2197 1092 2281 εἰσῆλθε
1132 2196 1205 2281 βίου
1246 2195 1302 2262 καὶ
1346 2195 1520 2271 πολιτείας,

190 2330 221 2390 et
246 2321 346 2390 Flor.
369 2321 439 2407 frg.
464 2341 494 2406 p.
520 2324 591 2400 184,
625 2324 645 2387 9
669 2319 904 2405 (Rolibaclrlz
941 2322 1025 2400 „lux
1054 2328 1090 2388 et
1117 2321 1251 2406 fulgor
1272 2321 1377 2388 felicis
1401 2322 1522 2403 impe·

191 2450 248 2526 rii,
259 2448 314 2531 qui
328 2449 359 2514 in
373 2465 410 2516 se
422 2449 507 2531 rapit
518 2455 617 2531 atque
630 2447 793 2514 convenit
805 2447 959 2513 omnium
973 2446 1097 2514 oculos
1109 2447 1285 2514 hominum
1297 2445 1518 2512 acdeorum.“

295 2625 360 2692 Sed
385 2626 437 2692 lris
461 2623 590 2696 Romae
614 2627 768 2693 brevibus
792 2627 1041 2695 laudationibus
1070 2632 1102 2692 et
1131 2627 1295 2710 appositis
1324 2628 1521 2696 ornantibus

190 2769 259 2819 non
294 2741 439 2817 con'tenti
474 2756 595 2835 poetae
628 2759 659 2818 et
686 2753 867 2837 scriptores
895 2753 993 2819 etiam
1024 2739 1160 2817 uberius
1184 2750 1361 2819 Romanos
1384 2760 1522 2838 propter

190 2877 359 2960 ingenium
390 2875 647 2960 facultatemque
677 2877 834 2962 regnandi
864 2877 1038 2945 celebrant.
1085 2874 1213 2942 Crebro
1238 2882 1348 2943 autem
1374 2876 1405 2943 in
1432 2877 1522 2945 urbis

189 3001 355 3068 encomiis
393 3000 602 3083 praedicatur
638 3003 785 3068 maxima
823 3000 921 3068 laude
958 3001 1091 3084 dignam
1113 3018 1206 3095 esse
1244 3003 1418 3094 rationem,
1455 3021 1522 3086 qua

191 3125 333 3195 Romani
368 3126 399 3190 in
435 3125 585 3209 populos
621 3129 782 3194 subactos
814 3144 852 3193 se
884 3133 1008 3212 gerant.
1064 3124 1175 3208 ltaque
1210 3122 1351 3193 Romam
1387 3126 1523 3210 populis

190 3250 283 3317 victis
308 3267 452 3334 parcere,
483 3249 573 3333 leges
596 3268 676 3318 suas
700 3242 885 3334 imponere,
915 3267 1099 3318 commune
1123 3251 1175 3317 ius
1198 3258 1231 3316 et
1255 3268 1354 3317 unam
1382 3252 1521 3333 patriam

170 3374 270 3442 ‚dare
294 3375 580 3443 laudatoresnon
605 3376 768 3444 desistunt
791 3375 916 3443 efferre.

299 3553 406 3637 Atque
435 3554 577 3637 primum
603 3553 736 3638 quidem
763 3552 803 3620 de
828 3555 875 3621 eis
899 3553 983 3620 locis
1012 3553 1225 3648 disseramus,
1255 3554 1377 3638 quibus
1401 3551 1523 3623 Roma-

192 3695 314 3744 norum
341 3678 371 3744 in
397 3683 512 3763 gentes
536 3679 697 3746 subactos
721 3678 895 3745 clementia
921 3678 1138 3761 praedicatur.
1184 3676 1283 3744 Tales
1312 3676 1524 3746 laudationes

192 3805 225 3868 in
282 3803 362 3885 ipsis
417 3802 533 3868 studiis
588 3802 799 3870 scholasticis
860 3803 1054 3869 exercitatas
1114 3799 1224 3886 esse³)
1285 3809 1424 3886 apparet
1482 3821 1523 3870 ex

299 3994 321 4057 1)
347 3993 484 4046 Arcem
513 3993 641 4047 omnium
670 3993 799 4062 gentium
831 3993 953 4050 Romam
981 3993 1129 4060 appellant
1156 3989 1244 4043 etiam
1274 3993 1376 4044 Pane
1386 4006 1413 4059 g.
1443 3991 1522 4044 Lat.

193 4083 230 4136 lV
249 4083 295 4155 35,
324 4083 341 4135 2
374 4083 403 4134 et
428 4081 566 4136 Cicero
592 4082 669 4135 Verr.
696 4082 789 4148 V48,
820 4083 870 4138 126
899 4082 964 4148 „hic
990 4083 1065 4146 locus
1089 4083 1133 4136 est
1161 4093 1244 4147 unus,
1274 4095 1330 4148 quo
1360 4079 1523 4149 perfugiant

190 4166 299 4240 (socii);
318 4171 363 4224 nic
379 4173 488 4239 portus,
503 4172 573 4224 naec
592 4185 672 4238 arx,
693 4170 761 4224 lrae'c
777 4185 825 4224 ara
840 4169 1015 4238 sociorum“;
1034 4170 1164 4226 similiter
1183 4169 1378 4223 Menander
1394 4169 1522 4223 Athenas

193 4253 304 4334 ὥσπερ
328 4257 385 4334 τῆς
409 4252 486 4333 ὅλης
508 4249 616 4335 χώρας
641 4249 885 4333 ἀκρόπολιν
910 4260 1018 4313 laudari
1039 4254 1308 4324 vult(l11388,l).

300 4345 323 4412 ²)
342 4348 415 4402 cili
426 4351 554 4403 enand.
575 4350 638 4415 381,
650 4351 679 4402 7:
695 4340 1010 4422 προσαπηντήκοιμεν
1024 4337 1076 4402 σοὶ
1089 4341 1228 4414 ἅπαντες
1244 4387 1251 4398 .
1265 4386 1293 4398 ..
1313 4348 1353 4400 12.
1370 4335 1524 4420 ἀστέρα

191 4427 383 4512 φανώτᾳτον
405 4429 626 4511 ὀνομάζοντες.

184 4569 186 4576 ,
302 4519 324 4592 ³)
351 4527 505 4581 Guilelmus
528 4529 603 4581 Polr
617 4526 834 4580 lsclrmidt:
864 4525 1050 4588 Quaestiones
1069 4525 1292 4592 Themistianae,
1316 4525 1382 4578 diss
1407 4525 1475 4578 1908
1495 4537 1522 4590 p.

193 4617 229 4671 67
248 4630 290 4684 sq.
315 4617 451 4669 nonnulla
475 4617 544 4669 talia
567 4617 695 4670 encomia
719 4615 868 4668 Tlremistii
892 4616 921 4668 et
946 4615 1184 4684 Panegyricorum
1210 4615 1377 4667 Latinorum
1401 4612 1522 4680 collegit.

1401 4792 1418 4844 9

1617 2661 1647 2702 De

1557 2730 1699 2776 Quadorum

1556 2801 1577 2843 ln
1597 2805 1701 2848 sublectos

1573 2873 1684 2918 clementia
