3682 5520
329 327 348 387 4

329 537 402 604 illae
436 537 527 604 urbis
561 536 771 604 laudationes
794 536 954 614 Aristidis,
990 535 1095 614 Rutili,
1120 536 1251 620 Vergili,
1286 535 1469 613 Claudiani,
1502 554 1589 620 quae
1622 535 1662 602 ad

332 662 481 729 iormam
509 662 698 748 panegyrici
733 661 838 746 ipsius
855 641 1043 744 diligenter
1060 642 1288 745 'compositae
1320 667 1411 738 sunt;
1446 678 1555 744 neque
1583 677 1664 728 vero

334 771 561 872 neglegendae
585 793 662 852 sunt
686 787 857 853 breviores
881 785 1117 869 digressiones,
1140 783 1263 870 'quibus
1285 787 1467 870 scriptores
1482 787 1664 854 occasione

332 912 408 979 data
424 883 576 981 ¹Romam
603 901 779 988 celebrant,
804 919 835 978 et
859 911 1003 995 epitheta
1027 911 1069 978 ad
1094 911 1210 978 laudes
1234 911 1325 977 urbis
1350 911 1554 995 pertinentia,
1578 929 1665 994 quae

329 1038 401 1122 ipsa
426 1055 564 1120 quoque
588 1037 619 1104 in
644 1037 771 1104 scholis
801 1037 919 1102 usitata
951 1035 1054 1104 luisse
1085 1043 1224 1128 apparet
1248 1055 1288 1102 ex
1313 1037 1364 1102 his
1389 1035 1664 1120 Hermogenis

329 1163 446 1246 vetblS‚
473 1162 594 1245 quibus
618 1164 746 1238 ἔπαινος
770 1167 802 1228 et
822 1163 985 1246 ἐγκώμιον
1009 1160 1242 1228 discernuntur
1265 1162 1311 1246 (ρ.
1330 1164 1378 1239 15,
1398 1161 1448 1246 ό);
1474 1163 1604 1228 ἐπαίνου
1628 1163 1663 1226 δὲ

329 1288 475 1372 διαφέρει
498 1288 536 1352 τὸ
562 1259 813 1371 &adiuuandus
837 1288 856 1352 ὁ
878 1287 936 1370 μὲν
960 1288 1089 1363 ἔπαινος
1112 1287 1168 1351 καὶ
1191 1289 1224 1352 ἐν
1247 1267 1364 1371 βραχεῖ
1383 1285 1500 1371 γένοιτ’
1524 1289 1573 1361 ἄν,
1597 1287 1664 1351 οἷον

332 1413 522 1496 ,Σωκράτης
555 1413 678 1495 σοφός’,
712 1413 749 1478 τὸ
783 1413 818 1476 δὲ
851 1411 1014 1495 ἐγκώμιον
1047 1414 1079 1477 ἐν
1111 1414 1295 1496 μακροτέρα
1324 1413 1458 1495 διεξόδῳ
1468 1413 1502 1492 ¹).

436 1537 572 1604 Maximi
598 1544 708 1603 autem
736 1508 900 1603 momenti
933 1538 964 1602 in
999 1537 1061 1603 hac
1086 1537 1284 1619 quaestione
1316 1535 1487 1602 tractanda
1521 1543 1571 1603 est
1604 1554 1664 1603 no-

328 1665 493 1742 tissimum
520 1661 597 1728 illud
612 1660 762 1729 Aristidis
786 1661 949 1746 ἐμκώμιον
965 1662 1107 1745 Ῥώμης,
1133 1661 1225 1745 quod
1251 1661 1348 1745 plane
1374 1662 1544 1730 rhetorum
1572 1679 1665 1745 prae-

330 1797 425 1872 cepta
451 1787 647 1872 exprimit2).
682 1786 789 1870 Atque
815 1786 1103 1871 quemadmodum
1131 1787 1161 1852 in
1188 1787 1350 1853 universis
1365 1787 1515 1852 Aristidis
1540 1759 1664 1877 oratio-

123 1903 125 1910 ’
177 1933 179 1938 ·
249 1953 251 1959 ·
331 1913 429 1980 nibus
453 1912 575 1980 nullam
601 1913 799 1978 sententiam
826 1930 846 1978 a
870 1911 1004 1978 rhetore
1029 1912 1105 1996 ipso
1130 1912 1297 1977 inventam
1315 1928 1391 1977 esse
1408 1910 1662 1995 contenditur³)‚

331 2039 374 2104 ita
406 2041 505 2110 etiarn
540 2037 725 2121 ampliores
750 2035 878 2128 Romae
915 2035 1126 2104 laudationes
1160 2042 1251 2104 totas
1283 2037 1351 2104 iere
1385 2037 1444 2102 arti
1479 2021 1684 2104 rhetoricae

286 2249 289 2252 Ι
331 2162 442 2229 deberi
467 2179 660 2256 censemus;
692 2179 801 2245 neque
825 2180 844 2227 a
867 2179 949 2228 vero
974 2161 1125 2228 videmur
1148 2163 1312 2239 aberrare,
1336 2162 1363 2228 si
1389 2179 1464 2227 curn
1491 2161 1539 2228 eis
1563 2163 1664 2246 scrip-

247 2335 254 2352 .
331 2294 442 2353 torum
477 2288 525 2352 vel
562 2292 738 2371 poetarum
773 2287 919 2353 encomii
954 2286 1045 2364 locis,
1079 2303 1168 2370 quos
1201 2303 1241 2353 ex
1273 2286 1393 2354 schola
1424 2285 1665 2354 declamatoria

330 2417 487 2496 sumptos
522 2429 597 2478 esse
627 2412 810 2488 rhetorum,
843 2411 901 2494 qui
937 2417 1088 2494 exstant„
1110 2411 1295 2495 praeceptis
1329 2413 1393 2477 iam
1429 2389 1498 2478 non
1533 2411 1663 2480 ostendi
1708 2441 1713 2445 ·

333 2543 453 2621 potest,
477 2535 602 2604 similes
616 2535 767 2602 Aristidis
790 2537 971 2603 sententias
995 2553 1248 2619 componamus
1272 2543 1304 2603 et
1328 2555 1367 2602 ex
1392 2509 1559 2604 eiusmodi
1584 2556 1664 2605 con-

331 2679 433 2728 sensu
468 2651 631 2746 originem
667 2661 940 2728 declamatoriam
967 2661 1220 2729 concludamus
1266 2661 1331 2728 Sed
1361 2671 1491 2746 praeter
1515 2661 1664 2730 Aristidis

333 2787 527 2853 encomium
552 2792 603 2851 ·et
646 2785 832 2854 nonnullos
868 2787 1069 2870 scriptorum
1108 2755 1388 2870 panegyricorum
1429 2788 1534 2865 locos,
1576 2805 1665 2871 quos

332 2913 505 3009 rhetorum
528 2911 714 2995 praeceptis
735 2912 881 2977 maxime
905 2910 1055 2978 eruditos
1070 2928 1145 2978 esse
1167 2911 1434 2979 consentaneum
1451 2913 1540 2998 est⁴),
1566 2913 1662 2979 etiarn

334 3036 416 3102 ratio
442 3033 596 3102 habenda
622 3044 671 3102 est
696 3035 938 3119 permultorum
966 3044 1141 3118 poetarum
1167 3045 1198 3102 et
1214 3056 1322 3103 rerum
1341 3039 1552 3122 scriptorum,
1576 3055 1664 3121 quos

332 3162 373 3227 ab
405 3160 542 3244 Augusti
577 3160 788 3256 temporibus
823 3161 929 3243 magis
964 3161 1137 3245 magisque
1173 3138 1213 3227 ad
1237 3162 1448 3258 rhetoricam
1480 3162 1664 3229 accessisse

332 3286 505 3368 constat5),
538 3302 743 3367 quamquam
773 3284 842 3384 lieri
875 3285 990 3368 potuit,
1024 3291 1059 3350 ut
1092 3285 1144 3351 hic
1177 3292 1209 3352 et
1238 3285 1289 3352 ille
1317 3305 1382 3353 suo
1407 3266 1512 3351 hlarte
1536 3301 1661 3350 novum
1713 3349 1719 3360 „
1824 3355 1825 3376 ,

333 3408 440 3475 laudis
465 3410 577 3501 locum
604 3409 772 3475 inveniret.
865 3459 869 3472 ,

440 3595 463 3661 ¹)
489 3598 598 3652 Similia
634 3597 759 3663 explicat
793 3595 1007 3664 Nicotaus,
1045 3612 1072 3665 p.
1106 3600 1151 3666 49,
1184 3601 1214 3653 4:
1251 3590 1380 3665 ἔπαινος
1410 3589 1469 3672 μὲν
1499 3589 1561 3672 γάρ
1594 3589 1663 3652 ἐστι

234 3718 236 3722 -
331 3679 369 3744 τὸ
393 3677 433 3742 δι’
459 3679 578 3760 ὀλίγων
601 3677 933 3759 κατασκευαζόμενον,
968 3679 1036 3742 οἷον
1059 3680 1079 3761 ἡ
1104 3679 1173 3752 ἑνὸς
1198 3680 1326 3762 ἀγαθοῦ
1347 3679 1467 3762 μνήμη,
1503 3675 1663 3762 ἐγκώμιον
1724 3740 1725 3747 ,

332 3769 366 3832 δὲ
390 3769 428 3832 τὸ
452 3767 505 3830 διὰ
527 3775 643 3831 πασῶν
676 3775 742 3831 τῶν
775 3767 899 3850 ἀρετῶν
931 3768 987 3831 καὶ
1020 3768 1073 3831 διὰ
1104 3769 1235 3832 πάντων
1266 3777 1333 3834 τῶν
1355 3777 1415 3833 τοῦ
1437 3769 1664 3849 ἐπαινουμένου

331 3856 622 3938 πλεονεκτημάτων
646 3857 814 3939 ἐργασθέν.

436 3952 459 4018 ²)
484 3954 566 4017 Quod
595 3955 722 4009 ostendit
754 3955 896 4022 josephus
916 3956 1038 4010 Mesk:
1070 3955 1125 4008 Der
1153 3955 1268 4010 Auihau
1298 3958 1347 4009 der
1377 3956 1488 4009 xxvi.
1512 3955 1587 4012 Rede
1615 3957 1664 4008 des

334 4045 430 4097 Aelius
451 4043 600 4098 Aristides
640 4044 736 4111 Progr.
758 4043 881 4097 Vindoh.
906 4045 984 4097 1909.
1607 4111 1609 4116 Ι

439 4131 463 4197 ³)
482 4133 627 4184 Arminius
660 4134 880 4202 Baumgart
912 4134 928 4186 l.
949 4146 973 4187 c.
1002 4148 1030 4201 p.
1050 4134 1098 4188 39:
1131 4134 1215 4200 „Man
1248 4135 1322 4186 lcann
1354 4135 1426 4188 ohne
1455 4125 1666 4201 Ubertreihung

333 4223 508 4289 hehaupten,
538 4221 593 4275 dati
614 4223 641 4274 in
662 4223 716 4274 den
738 4224 884 4290 gesamten
904 4223 940 4277 55
959 4224 1123 4277 erhaltenen
1147 4223 1243 4280 Reden
1264 4226 1313 4276 des
1332 4223 1472 4276 Aristides
1492 4224 1564 4274 auch
1586 4223 1666 4274 nicht

333 4313 377 4365 ein
398 4312 519 4380 einziger
539 4311 746 4380 selbstandiger
770 4311 904 4364 Gedanlce
924 4313 1072 4366 enthalten
1093 4311 1158 4366 ist.“
1230 4369 1238 4382 ,

382 4447 387 4456 .
439 4395 462 4462 ⁴)
482 4400 518 4453 ci.
540 4401 572 4454 O.
596 4399 795 4469 Kehding:
827 4399 867 4454 De
887 4402 1064 4471 panegyricis
1087 4401 1197 4454 Latinis
1217 4401 1312 4467 capita
1334 4404 1484 4467 quattuor,
1504 4401 1571 4455 diss.
1591 4398 1665 4453 Mar-

334 4505 414 4559 purg.
438 4488 516 4554 1899,
536 4503 564 4556 p.
583 4489 683 4543 4-76.

440 4576 463 4642 ⁵)
484 4579 588 4632 Poetae
609 4581 637 4632 et
657 4579 807 4645 scriptores
829 4583 1008 4646 quantopere
1028 4594 1063 4632 ex
1083 4582 1144 4632 arte
1164 4581 1319 4646 pendeant,
1349 4579 1483 4648 permulti
1513 4579 1566 4632 viri
1587 4579 1664 4632 docti

334 4669 614 4733 demonstraverunt,
634 4681 669 4722 ex
689 4668 792 4736 quibus
813 4667 986 4722 atterantur:
1008 4655 1195 4732 l·l.‘Peter,
1217 4666 1268 4720 Die
1283 4668 1503 4737 geschichtliche
1521 4669 1666 4721 Literatur
