3664 5512
342 283 385 347 98

322 497 409 588 alio
433 499 550 580 possit,
574 483 765 586 tortuna
790 505 876 564 certe
901 497 966 564 loci
988 497 1091 582 ‘huius
1114 498 1282 565 transferri
1308 516 1377 565 non
1400 498 1550 582 possit?“
1584 499 1674 568 ldenr

341 622 485 704 scriptor
509 621 581 688 aliis
604 640 741 706 quoque
766 622 980 714 historiarum
997 621 1086 688 libris
1102 629 1351 689 commemorat
1365 613 1535 691 fortunam
1556 627 1674 710 populi

344 739 529 829 aonam).
572 745 735 814 Florus
758 764 839 814 vero
865 745 1046 815 Fortunam
1078 748 1220 839 imperio
1247 747 1403 818 Romano
1428 749 1673 832 praesidentem

267 891 271 900 ·
342 870 418 937 lacit
434 871 485 938 his
500 871 599 938 locis:
617 871 669 937 lib.
687 870 709 938 ll
728 873 776 949 13,
795 873 827 949 1;
852 869 908 949 ab
925 874 982 950 35;
1008 876 1059 948 44.
1094 874 1191 957 Apud
1208 875 1414 957 posteriores
1429 873 1573 958 denique
1597 894 1674 942 auc-

342 1001 442 1080 tores
457 1013 713 1080 nonnumquam
735 996 898 1064 dictiones
919 1004 953 1063 ut
972 997 1127 1075 „felicitas
1143 997 1314 1068 Romana‘
1334 999 1382 1064 vel
1404 998 1675 1086 „Romatelix‘ffil

343 1121 500 1205 legimus;
526 1122 674 1188 scribunt
693 1124 796 1188 enim:
822 1122 1116 1206 Symmachus
1141 1125 1235 1207 epist.
1261 1122 1291 1189 X
1318 1127 1371 1190 18:
1406 1122 1575 1202 „Felicitas
1603 1128 1673 1210 qui-

341 1244 417 1310 dem
452 1253 748 1317 vestraaetemae
782 1246 853 1313 urbi
887 1247 1078 1326 solemnis‘,
1111 1247 1322 1333 Panegyr.
1358 1248 1442 1315 Lat.
1479 1249 1519 1315 lV
1552 1252 1604 1328 37,
1636 1253 1672 1317 5;

340 1368 513 1448 „Romana
545 1370 715 1451 felicitas“;
751 1370 858 1439 Roma
891 1371 968 1438 ielix
1001 1373 1188 1456 appellatur
1219 1393 1239 1441 a
1271 1373 1421 1440 Statio
1445 1373 1477 1440 S.
1504 1373 1538 1440 lll
1562 1377 1591 1450 3,
1615 1377 1672 1452 51;

340 1493 381 1560 lll
407 1498 434 1573 1,
459 1498 515 1572 3ό;
550 1494 755 1563 Cassio-d.
781 1514 848 1562 var.
874 1497 914 1562 Vl
942 1501 967 1574 1,
992 1500 1026 1574 2;
1064 1491 1111 1576 18,
1136 1501 1169 1574 4;
1204 1497 1378 1582 (Paulin
1408 1499 1547 1582 liquit.
1571 1518 1673 1566 carm.

340 1618 469 1698 dub.15',
495 1622 540 1705 i).
573 1622 768 1713 „imperium
802 1621 896 1725 heliu*
925 1622 1048 1688 dictum
1087 1630 1137 1689 est
1171 1643 1190 1689 a
1231 1621 1367 1694 Floro
1402 1624 1463 1707 irg.
1499 1627 1673 1707 p.184‚9

340 1744 541 1832 (Rossuacn).
1285 1727 1287 1730 ’

584 1855 586 1857 ’
758 1857 790 1924 2.
824 1853 878 1923 De
903 1853 1059 1940 imperio
1086 1856 1262 1926 Romano.

447 1971 621 2080 Quoniam
652 1999 768 2066 omnia
802 1998 843 2064 ad
877 1996 993 2064 laudes
1026 2000 1180 2065 virtutum
1207 1997 1440 2074 Romanorum
1475 2000 1672 2083 pertinentia

325 2124 381 2190 'ad
405 2123 506 2190 linem
533 2123 691 2215 perducta
716 2124 886 2200 suntab<
921 2142 940 2188 a
965 2124 1146 2206 proposito
1171 2125 1273 2201 abest,
1306 2126 1333 2190 si
1359 2125 1548 2208 posteriore
1573 2124 1672 2192 buius

340 2248 380 2315 de
414 2251 579 2323 encomiis
613 2247 983 2331 Romanorumparns
1015 2250 1121 2332 capite
1157 2248 1402 2315 nobilissimum
1438 2248 1670 2318 Romanorum

339 2374 472 2452 iactum,
497 2375 672 2458 imperium
699 2358 791 2439 orbis
813 2380 974 2440 terrarum
1000 2358 1190 2446 tractamus.
1224 2374 1327 2441 Cuius
1351 2377 1382 2440 in
1409 2353 1562 2442 laudibus
1582 2373 1670 2441 baud

340 2501 452 2567 minus
475 2500 611 2584 vestigia
636 2499 714 2564 artis
739 2478 924 2566 rhetoricae
949 2500 1017 2564 erui
1043 2517 1147 2582 posse
1172 2499 1400 2571 ostendemus.
1633 2470 1636 2476 ¹

447 2622 532 2690 Cum
559 2630 669 2711 autem
696 2631 874 2708 praecepta
898 2618 1099 2691 scholastica
1125 2624 1165 2690 ad
1192 2625 1322 2691 laudem
1356 2631 1463 2692 terrae
1487 2624 1671 2708 spectantia

341 2767 409 2816 non
430 2750 551 2815 omnia
576 2749 970 2832 complectantur,=quae
1005 2751 1113 2832 poetis
1146 2751 1433 2841 scriptoribusque
1466 2750 1497 2814 in
1528 2749 1670 2832 imperio

341 2872 498 2941 Romano
532 2873 731 2941 celebranda
764 2874 833 2939 visa
866 2880 951 2956 sunt,
991 2873 1032 2940 ad
1068 2873 1299 2940 laudationum
1339 2875 1466 2957 imperii
1505 2875 1669 2957 originem

339 2998 612 3065 declamatoriam
638 2998 848 3064 statuendam
874 2999 973 3065 etiam
1000 2999 1098 3083 leges,
1123 3017 1206 3083 quas
1224 3000 1376 3065 rhetores
1392 2999 1433 3064 ad
1449 2999 1671 3084 panegyricos

339 3138 455 3207 regum
476 3122 645 3201 dederunt,
670 3123 859 3218 atterendae
879 3130 969 3200 sunt;
997 3124 1169 3206 permultis
1190 3131 1300 3190 autem
1327 3124 1410 3191 locis
1431 3123 1670 3190 tantummodo

339 3266 509 3316 consensu
542 3249 776 3316 encomiorum
803 3247 979 3313 Alexandri
1011 3248 1122 3330 lriagni
1148 3254 1179 3314 et
1202 3250 1359 3315 similium
1395 3250 1523 3333 imperii
1549 3241 1669 3321 Roma-

340 3379 461 3440 norum
488 3372 622 3440 laudum
649 3390 867 3440 communem
902 3373 1065 3456 originem
1100 3373 1335 3440 scholasticam
1368 3375 1565 3457 investigare
1587 3373 1670 3440 licet.

445 3497 544 3582 Quae
569 3517 644 3564 cum
671 3499 713 3562 ita
737 3498 811 3575 sint,
845 3497 968 3563 innoc
992 3499 1100 3580 capite
1123 3473 1299 3564 tractando
1333 3514 1401 3563 non
1437 3505 1472 3564 ut
1501 3499 1670 3581 inpriore

338 3623 379 3690 de
404 3624 557 3690 laudibus
574 3622 702 3692 Romae
727 3622 817 3688 urbis
843 3628 935 3704 parte
959 3623 1217 3705 dispositionem
1235 3603 1263 3688 'a
1287 3623 1406 3690 schola
1431 3622 1671 3690 declamatoria

338 3754 550 3831 praeceptam
576 3765 765 3830 sequemur,
788 3747 847 3812 sed
871 3747 1056 3814 secundum
1082 3753 1149 3812 tres
1173 3748 1278 3824 locos,
1303 3748 1468 3830 aquibus
1493 3735 1669 3830 imperium

335 3870 529 3941 'Romanum
557 3873 734 3955 praecipue
760 3871 986 3954 praedicatum
1012 3879 1069 3949 est,
1095 3872 1213 3938 dehac
1233 3874 1432 3955 quaestione
1457 3871 1671 3940 disseremus,

338 3997 469 4064 Laudes
493 3998 581 4062 enim
607 3997 852 4080 magnitudinis
875 3997 1181 4074 administrationis,
1206 3997 1514 4063 emolumentorum
1541 3998 1681 4090 imperii

337 4123 448 4207 poetis
472 4129 503 4189 et
526 4123 746 4206 scriptoribus
770 4123 801 4188 in
826 4121 951 4228 deliciis
975 4128 1060 4188 sunt.

444 4272 466 4339 1)
487 4275 620 4328 Conieras
651 4289 756 4342 quaeso
787 4276 872 4329 verba
902 4289 918 4327 a
950 4275 1035 4328 Decio
1064 4278 1132 4328 ante
1162 4276 1266 4328 bellum
1299 4275 1472 4328 Samnitium
1501 4275 1580 4328 dicta
1599 4275 1672 4343 (Vll

335 4366 381 4433 34,
401 4361 445 4428 iil:
475 4364 552 4432 „Nos
577 4365 678 4418 deinde
698 4367 751 4418 aut
769 4365 940 4418 fortuna
970 4366 1066 4432 populi
1095 4365 1228 4430 Romani,
1257 4366 1309 4416 aut
1329 4367 1427 4417 nostra
1457 4365 1591 4417 virtus
1621 4378 1674 4418 ex-

336 4451 451 4524 pediet“
473 4455 516 4508 vel
537 4453 701 4508 XXXVlli
721 4455 766 4522 46,
792 4455 822 4508 41
851 4455 973 4524 „Magna
999 4455 1117 4508 fortuna
1137 4455 1233 4524 populi
1257 4453 1378 4511 Romani
1401 4454 1454 4519 est,
1484 4467 1621 4522 magnum
1641 4458 1674 4509 et

337 4543 460 4598 terribile
480 4540 613 4598 nomen.“

442 4629 465 4696 ²)
485 4633 519 4686 ei.
543 4633 726 4699 Preiler.‚
749 4634 831 4691 Rom.
851 4633 974 4702 Mythol.
1000 4632 1057 4700 ill,
1078 4633 1179 4700 p.256,
1199 4635 1226 4688 5.
