3664 5512
307 323 368 388 136

201 533 203 540 '
304 534 481 602 matoriam
515 535 638 600 habere
662 533 838 600 verisimile
865 538 922 599 est.
968 531 1172 599 Sententiam
1204 541 1315 600 autem
1345 502 1434 600 illam
1465 533 1635 601 exhibent:

304 659 504 729 Rutilius
528 660 537 726 l
562 661 621 725 63:

467 801 604 881 „Fecisti
631 807 708 884 plat
717 801 823 865 riam
851 799 990 866 diversis
1014 800 1168 882 gentibus
1192 808 1352 878 unam“‚

296 887 481 1012 xPlinius
510 945 548 1011 N.
575 943 611 1009 Η.
641 942 675 1010 lll
700 945 757 1008 39:
791 941 930 1026 „(ltalia)
1029 960 1147 1027 sparsa
1177 951 1397 1028 congregaret
1425 945 1564 1027 imperia

304 1071 510 1152 breviterque
542 1086 633 1134 una¹
657 1057 850 1136 cunctarum
884 1068 1032 1152 gentium
1065 1069 1097 1133 in
1128 1073 1202 1135 toto
1233 1068 1316 1136 orbe
1341 1071 1490 1154 patria
1513 1068 1640 1146 fierem,

273 1265 275 1270 s
304 1195 487 1260 Aristid.
516 1197 591 1260 101:
619 1192 674 1268 μοὶ
696 1192 734 1257 τὸ
759 1193 891 1276 Ὁμήρῳ
915 1192 1031 1277 λεχθὲν
1055 1192 1171 1276 ‘yolo
1194 1194 1229 1258 δὲ
1254 1216 1303 1258 τοι
1327 1195 1429 1278 ξυνὴ
1452 1195 1638 1260 πάντων

305 1321 394 1402 ὑμεῖς
428 1321 513 1403 ἔργῳ
547 1319 732 1400 ἐποιήσατε,
772 1318 821 1383 vel
855 1317 942 1399 (3012
981 1318 1090 1400 ὥσπερ
1129 1315 1205 1399 μία
1241 1317 1358 1400 χώρα
1394 1322 1529 1403 συνεχὴς
1565 1317 1640 1384 καὶ

255 1455 257 1460 ’
306 1445 346 1507 ἓν
384 1444 518 1526 φῦλον
556 1446 726 1508 ἅπαντα
766 1441 921 1506 ὑπακούει
961 1448 1081 1524 σιωπῇ,
1131 1440 1387 1526 iiieronym.
1432 1459 1557 1510 comm.
1605 1445 1644 1510 in.

257 1575 258 1578 ’
308 1553 435 1650 Daniel.
460 1571 488 1644 i,
512 1569 548 1633 i:
574 1567 662 1632 ¹dum
688 1567 719 1633 in
745 1584 815 1633 uno
841 1565 983 1649 imperio
1008 1564 1241 1635 Romanorum
1268 1568 1384 1634 omnia
1408 1568 1507 1635 simul
1535 1581 1639 1654 regna

241 1780 243 1785 y
306 1693 557 1776 cognoscimus
582 1709 668 1774 quae
693 1692 785 1774 prius
808 1691 939 1756 iuerant
964 1695 1149 1774 separata‘,
1175 1688 1287 1756 idem
1313 1692 1346 1759 in
1371 1690 1487 1758 isaiam
1514 1709 1640 1759 comm.

254 1897 255 1900 Ἴ
306 1818 410 1894 Vll),
439 1818 496 1884 23:
534 1799 845 1896 „Ameadventum
871 1814 991 1886 Christi
1018 1832 1239 1898 unaquaeque
1263 1828 1346 1898 gens
1370 1835 1469 1884 suum
1496 1817 1641 1883 habebat

307 1956 418 2025 regem
444 1948 476 2008 et
499 1941 540 2007 de
564 1940 694 2007 aliarad
719 1940 817 2007 aliam
844 1940 954 2007 nullus
978 1941 1024 2015 ire
1049 1945 1181 2022 poterat
1205 1941 1392 2008 nationem:
1423 1942 1454 2006 in
1481 1939 1640 2010 Romano

307 2074 417 2132 autem
444 2067 587 2149 imperio
612 2084 715 2133 unum
740 2037 825 2132 lacta
850 2071 928 2134 sunt
951 2065 1098 2132 omnia.“
1543 2063 1544 2068 ’

415 2207 617 2275 Brevissime
641 2216 751 2273 autem
770 2182 865 2302 idem
891 2208 1084 2290 exprimitur
1108 2207 1159 2274 lris
1183 2209 1272 2274 urbis
1296 2208 1449 2291 epithetis
1475 2206 1641 2293 Dionys.
1695 2255 1697 2260 -

310 2332 398 2399 ilai.
422 2332 525 2398 dull
555 2335 606 2410 89,
642 2336 673 2400 l:
705 2332 839 2417 Ῥώμην
939 2334 1128 2418 κοινοτάτην
1159 2357 1193 2399 τε
1222 2333 1348 2398 πόλεων
1377 2333 1432 2397 καὶ
1462 2333 1642 2417 φιλανὸρω-

271 2443 273 2448 ’
308 2435 462 2542 nortiam,
501 2457 651 2524 Senec.
688 2458 729 2525 ad
769 2433 860 2523 llelv.
898 2461 927 2536 ό,
970 2461 1006 2525 3;
1052 2443 1136 2536 „hac
1172 2459 1299 2525 civitate
1326 2508 1332 2520 .
1356 2508 1362 2521 .
1386 2508 1392 2520 .
1418 2477 1504 2542 quae
1540 2458 1641 2524 veluti

309 2584 502 2649 communis
527 2588 638 2666 potest
661 2582 754 2649 dici.“

418 2725 492 2808 lloc
525 2722 636 2790 autem
668 2725 821 2791 omnium
857 2741 1039 2791 commune
1073 2725 1260 2808 imperium,
1293 2725 1384 2808 quod
1415 2725 1536 2793 eodem
1571 2745 1644 2810 quo

195 2923 197 2928 ,
311 2851 389 2916 urbs
414 2851 536 2934 regitur
560 2851 637 2927 iure,
672 2866 930 2933 nonnumquam
965 2867 1040 2916 cum
1067 2852 1148 2916 urbe
1173 2838 1505 2934 ipsa'comparatum
1539 2869 1643 2943 quam

311 2973 442 3041 laudem
468 2973 723 3058 legimusapud
750 2971 950 3042 Rutilium
976 2974 985 3040 l
1010 2976 1069 3041 66:
1102 2974 1262 3052 „urbem
1291 2959 1526 3059 iecisti‚'quod
1551 2978 1646 3060 prius

311 3099 564 3183 orbiserat1)‚
596 3105 627 3164 et
650 3097 740 3182 apud
764 3098 990 3166 Aristidem
1015 3101 1072 3165 36:
1106 3102 1215 3182 ὥσπερ
1247 3101 1280 3164 οἱ
1307 3100 1340 3163 ἐν
1363 3108 1433 3176 τοῖς
1461 3103 1544 3167 κατὰ
1567 3101 1646 3184 μίαν

309 3225 451 3298 πόλεσιν,
483 3225 569 3290 οὕτω
599 3222 655 3287 καὶ
683 3225 774 3306 ὑμεῖς
805 3215 914 3307 ὥοπερ
947 3223 963 3285 ε’
971 3246 987 3285 ν
1016 3231 1094 3308 μιᾷ
1122 3222 1249 3290 πόλει
1281 3225 1370 3309 πάσῃ
1398 3233 1439 3308 τῇ
1470 3227 1644 3310 οἰκουμένῃ

418 3410 441 3476 1)
465 3412 517 3475 Qui
540 3414 627 3478 poeta
647 3413 700 3465 hoc
720 3425 803 3464 versu
823 3411 941 3465 vocibus
962 3425 1034 3479 quae
1054 3414 1137 3465 sunt:
1156 3411 1290 3477 „urbem“
1314 3414 1344 3465 et
1363 3412 1493 3478 „urbem“
1512 3414 1646 3469 similiter

311 3501 480 3555 sonantibus
509 3503 639 3568 sequitur
668 3501 779 3554 dicendi
808 3501 960 3567 rationem,
990 3514 1062 3568 quae
1091 3503 1168 3568 apud
1198 3500 1298 3570 poetas
1326 3503 1356 3554 et
1382 3504 1533 3571 scriptores
1555 3499 1645 3572 'saepe

291 3577 442 3646 occurrit.
473 3591 547 3642 Nam
567 3591 623 3644 iam
644 3589 728 3644 Ovidi
748 3592 784 3644 ad
806 3591 882 3643 hunc
901 3604 984 3643 usum
1003 3592 1137 3659 spectant
1157 3589 1263 3656 versus,
1285 3589 1332 3658 qui
1352 3592 1389 3643 ad
1405 3592 1518 3645 laudem
1535 3593 1645 3650 Romae

312 3681 457 3749 pertinent
476 3679 507 3747 (l.
534 3681 559 3732 ll
579 3677 658 3743 pasl:

472 3755 630 3832 „Gentibus
649 3771 693 3821 est
713 3769 773 3821 aliis
794 3769 877 3821 tellus
898 3771 967 3821 data
988 3769 1081 3821 limine
1102 3771 1193 3832 certo:

581 3855 733 3914 Romanae
746 3858 872 3926 spatium
892 3857 1067 3911 esturbis
1091 3860 1121 3912 et
1140 3859 1250 3912 orbis
1276 3856 1376 3912 idem.“

313 3948 427 4000 Deltae
452 3947 585 4014 loquendi
609 3947 719 4000 ratione
744 3947 937 4002 disseruerunt
958 3947 1068 4001 Otto:
1095 3947 1300 4014 Sprichwiirter
1323 3949 1372 4000 der
1394 3943 1507 4014 Romer',
1533 3963 1559 4016 p.
1579 3949 1646 4016 358,

316 4036 394 4102 1834,
433 4037 657 4100 etaccuratius
693 4034 924 4090 Woelfflin:
966 4037 1050 4090 Arch.
1085 4035 1104 4089 i.
1137 4038 1185 4090 lat.
1223 4037 1288 4090 lex.
1325 4039 1344 4103 l,
1375 4037 1438 4092 388.
1492 4037 1595 4099 Quam'
1614 4037 1644 4090 in

313 4124 454 4194 proverbii
479 4125 714 4179 consuetudinem
735 4125 844 4180 venisse
868 4127 989 4193 apparet
1008 4139 1045 4178 ex
1064 4139 1146 4178 versu
1170 4126 1310 4179 Sidoni
1331 4126 1410 4194 Apo
1424 4128 1431 4178 l
1443 4127 1458 4180 l.
1480 4139 1503 4180 c.
1525 4128 1550 4192 7,
1574 4127 1645 4182 556;

247 4244 252 4255 ·
312 4215 470 4281 „captivus
491 4217 533 4266 ut
552 4215 644 4267 aiun
656 4216 686 4280 t,
706 4213 781 4268 orbis
802 4215 830 4266 in
850 4214 918 4267 urbe
939 4212 1037 4268 iacet“.
1082 4215 1161 4269 Locis
1182 4217 1280 4267 autem
1300 4228 1316 4266 a
1337 4213 1499 4268 Woelfflino
1518 4215 1646 4270 collectis

312 4304 484 4370 (onaan.
506 4299 519 4356 ‘r
543 4304 607 4370 nu
637 4304 740 4371 Nepet.
762 4303 851 4358 runc.
871 4303 916 4369 20,
945 4305 977 4371 5;
1003 4305 1100 4359 verret.
1126 4291 1274 4370 1144,'1;
1300 4303 1448 4371 eorrpp
1476 4305 1544 4359 rust.
1565 4306 1573 4357 1
1594 4305 1646 4374 ar;

314 4393 469 4446 Anth.'lat.
485 4393 549 4459 863,
566 4395 597 4459 4;
618 4393 739 4448 Venant.
762 4393 879 4447 Fortun.
900 4406 924 4446 c.
941 4393 1014 4447 Vlll
1036 4395 1059 4460 l,
1083 4395 1128 4460 14;
1148 4394 1315 4447 Tertullian.
1336 4395 1436 4458 dean.
1456 4394 1483 4460 l;
1503 4393 1577 4462 apol.
1594 4395 1646 4461 40;

315 4484 351 4535 Le
378 4483 465 4536 Blant
493 4484 575 4536 inser.
605 4482 666 4536 Gall
686 4481 734 4546 23)
758 4484 790 4535 ut
814 4495 966 4552 cognoscas
992 4497 1079 4551 quam
1104 4484 1160 4535 late
1185 4484 1254 4536 haec
1279 4483 1479 4551 paronomasia
1503 4484 1646 4536 rhetorica

314 4572 471 4641 pervagata
490 4571 536 4637 sit,
557 4573 660 4625 addere
681 4573 764 4625 liceat
787 4573 848 4638 hos,
869 4586 939 4640 quos
961 4573 1131 4639 invenimus,
1153 4573 1240 4626 locos:
1262 4573 1438 4626 ciceron.
1460 4572 1521 4626 Cat.
1541 4573 1592 4639 14,
1612 4573 1645 4626 9:

314 4661 378 4739 „qui
414 4662 447 4713 de
486 4661 569 4724 liuius
607 4661 718 4723 urbis
755 4663 842 4739 atque
878 4663 949 4724 adeo
983 4663 1016 4719 de
1042 4661 1153 4723 orbis
1187 4664 1328 4723 terrarum
1366 4662 1454 4722 exitio
1488 4660 1646 4737 cogitent‘,
