3664 5512
1477 335 1518 400 79

188 549 439 616 ministrationis
476 549 603 632 imperii
635 519 781 618 ¹Romani
812 549 857 633 (p.
887 549 949 615 129
974 558 1062 634 sqq.)
1104 549 1238 615 demum
1279 549 1344 614 lios
1380 554 1519 614 tractare

187 673 282 743 liceat
305 699 361 750 -;
397 674 448 740 iric
473 679 600 740 tantum
627 673 821 740 alleramus:
856 673 1037 740 Ciceron.
1063 693 1129 757 rep.
1154 673 1176 738 ll
1205 675 1252 750 19,
1283 675 1339 740 34;
1374 673 1520 751 „influxit

187 789 370 865 enim'non
395 801 504 865 lenuis
528 799 662 883 quidam
694 817 712 864 e
737 797 932 864 Graecia
967 799 1090 864 rivulus
1123 781 1154 863 in
1170 821 1172 825 ·
1190 799 1275 864 lianc
1301 799 1426 875 urbem,
1459 798 1518 866 sed

187 923 1237 1007 abundantissimusamnisillarumdisciplinarum
1262 924 1518 1000 etartium“‚

186 1047 438 1131 Sulpiciam
465 1052 521 1116 29:
664 1132 667 1137 Ι

349 1172 443 1257 „ipsa
467 1173 559 1240 domi
585 1174 675 1258 leges
699 1181 730 1240 et
754 1172 891 1240 Graia
918 1175 1103 1241 inventa
1130 1180 1404 1266 retractans·

347 1301 463 1365 omnia
489 1351 587 1365 ......
615 1298 707 1365 molli
732 1300 861 1364 ratione
886 1299 1049 1382 regebam

188 1439 373 1524 Dionys.
399 1439 497 1518 llal„
526 1443 579 1525 qui
615 1460 690 1508 cum
718 1439 893 1510 Romanos
926 1458 1061 1523 semper
1094 1442 1200 1507 virtuti
1234 1439 1401 1508 studuisse
1434 1441 1520 1508 dicat
1600 1517 1602 1524 ¹

187 1567 327 1648 exponit
350 1568 430 1650 (ant.
448 1563 460 1630 Ι
475 1569 526 1644 90,
546 1567 591 1650 1);
619 1567 636 1653 (
639 1569 672 1632 οἱ
695 1554 873 1650 Ῥοιμοιῑοι)
899 1565 936 1630 ἐκ
952 1566 1071 1660 παντὸς
1087 1566 1125 1629 οὗ
1135 1535 1388 1650 ουνῳκίσθησαν
1402 1567 1519 1651 χρόνον

187 1691 495 1776 βίονἝλληνα
519 1694 683 1772 ζῶντες
707 1689 779 1754 καὶ
804 1693 895 1756 οὐδὲν
920 1691 1175 1776 ἐκπρεπέστερον
1199 1690 1519 1774 ἐπιτηδεύοντες

186 1815 275 1898 uode
290 1813 406 1901 ἀρετὴν
429 1825 482 1881 νῦν
505 1820 525 1900 ἢ
549 1805 717 1900 πρότερον.

294 1939 343 2008 Ad
368 1948 522 2025 qualium
548 1941 691 2025 denique
716 1941 950 2034 ἐπιτηδεύσεων
968 1942 1091 2018 locum,
1116 1959 1185 2024 quo
1202 1943 1285 2006 κατὰ
1300 1922 1357 2016 τας
1371 1942 1519 2025 δυνάμεις

263 2069 450 2152 ῥητορικὴῑ)
484 2065 538 2130 καὶ
571 2067 733 2152 ἀθλητικὴ
771 2068 826 2131 καὶ
863 2069 925 2131 ὅσα
961 2075 1095 2131 τοιαῦτα
1132 2065 1302 2150 (Menand.
1328 2065 1459 2144 111361,
1488 2067 1519 2150 l)

187 2191 377 2257 tractandae
411 2199 497 2266 sunl,
529 2198 681 2275 spectant
714 2192 777 2259 liae
801 2189 1076 2258 Cassiodori
1106 2190 1316 2258 laudationes
1353 2190 1444 2274 (Var.
1478 2187 1519 2257 lX

188 2315 239 2393 21,
264 2317 312 2399 4),:
349 2334 463 2394 „arma
487 2319 575 2384 enlm
610 2317 790 2400 etreliqua
823 2325 939 2400 gentes
971 2317 1106 2383 liabent:
1141 2317 1215 2383 sola
1240 2317 1401 2399 reperitur
1424 2315 1518 2414 elo-

121 2476 125 2484 ·
155 2481 157 2485 -
188 2442 393 2523 quentia,
426 2459 513 2524 quae
538 2439 770 2510 Romanorum
806 2441 952 2508 dominis
985 2441 1233 2518 obsecundant
1265 2459 1332 2507 var.
1360 2439 1400 2506 lV
1424 2445 1453 2518 o,
1483 2443 1517 2507 3:

191 2545 385 2643 „Roma
413 2566 465 2632 illa
490 2566 791 2649 eloquentiae
815 2558 957 2633 lacunda
984 2570 1117 2631 mater.“

294 2706 359 2774 Sed
394 2709 476 2774 haec
510 2709 644 2776 leviora.
700 2708 883 2784 Graviores
915 2715 1026 2775 autem
1069 2715 1147 2774 sunt
1179 2708 1331 2791 permulti
1367 2708 1409 2774 illi
1443 2681 1518 2792 loci,
1548 2718 1706 2834 {comm
1821 2687 1822 2716 ³

188 2832 309 2916 quibus
333 2835 468 2899 virtutes
494 2831 725 2902 Romanorum
751 2833 942 2900 efferuntur.
990 2831 1089 2915 Quae
1115 2833 1163 2898 uel
1195 2833 1225 2898 in
1252 2833 1441 2900 universum
1468 2833 1517 2899 vel

159 2956 339 3040 singulae
364 2957 479 3026 laudes
511 2976 591 3024 suas
622 2958 753 3034 liabent,
787 2964 821 3023 ut
854 2958 960 3040 pietas
993 2971 1071 3041 erga
1105 2958 1198 3035 deos,
1231 2955 1324 3036 tides,
1358 2957 1517 3042 probitas

186 3081 317 3159 iustitia,
341 3081 518 3159 tortitudo·
544 3082 728 3159 clementia,
760 3071 846 3165 quas
880 3100 1002 3149 omnes
1036 3092 1070 3148 ut
1103 3053 1133 3149 in
1164 3083 1230 3149 lroc
1254 3095 1375 3165 genere
1402 3081 1520 3149 reierat

189 3213 305 3273 orator
329 3207 546 3274 commendat
570 3206 721 3284 Cicero
745 3208 786 3273 de
802 3215 883 3274 orat.
899 3207 920 3274 ll
938 3207 1015 3273 343:
1044 3205 1149 3285 „Nam
1175 3207 1358 3285 clementia,
1391 3208 1519 3285 iustitia,

189 3330 384 3415 benignitas,
419 3331 511 3409 tides
549 3331 710 3398 fortitudo
748 3333 779 3397 in
818 3332 972 3415 periculis
1014 3333 1253 3398 communibus
1288 3330 1432 3398 iucunda
1470 3341 1520 3400 est

189 3454 302 3523 auditu
328 3457 359 3523 in
385 3455 662 3523 laudationibus“

295 3581 402 3665 Atque
427 3582 571 3678 primum
597 3581 731 3664 quidem
757 3583 788 3647 in
816 3559 1005 3648 universum
1025 3579 1256 3668 Romanorum
1283 3583 1417 3648 virtutes
1436 3583 1519 3648 cele-

190 3706 287 3772 brant
322 3704 576 3792 Pliniusjjllll
606 3708 681 3772 130:
719 3704 899 3786 „Gentium
935 3707 965 3771 in
1001 3713 1075 3772 toto
1110 3707 1193 3771 orbe
1228 3706 1520 3789 praestantissima
1595 3697 1659 3727 ⁰⁰¹⁸³

190 3847 257 3898 una
290 3827 600 3915 omnium''„jvirtute
641 3831 728 3897 haud
769 3831 868 3897 dubie
904 3828 1056 3899 Romana
1091 3831 1221 3908 extitit“,
1259 3831 1520 3898 Ammianus

189 3955 386 4022 Marcell.
419 3952 492 4022 >llll
516 3959 545 4033 ὁ,
578 3959 634 4022 21:
672 3975 767 4034 „cum
803 3963 891 4022 esset
925 3955 1141 4040 aliquand02)
1175 3957 1331 4022 virtutum
1365 3957 1517 4022 omnium

189 4129 335 4198 exstitisse
368 4147 490 4211 apparet
517 4157 553 4195 ex
581 4145 623 4197 lris
653 4145 746 4198 verbis
777 4145 905 4212 Dionysii
935 4145 1000 4198 Hal.
1020 4145 1074 4197 art.
1096 4145 1137 4197 rlr.
1158 4145 1184 4210 6,
1205 4145 1235 4198 3:
1265 4133 1317 4198 Ἐν
1341 4141 1380 4217 τῇ
1404 4132 1520 4217 ἀγωγῇ

189 4225 354 4307 γενόμενοι
378 4222 518 4288 ἐπὶτῶν
542 4233 658 4288 κοινῶν
682 4226 747 4308 τὴν
771 4224 970 4296 πολιτείαν
993 4223 1177 4306 ληψόμεθα,
1203 4227 1257 4287 ὅτε
1280 4224 1521 4306 ἢόημονιρατία

189 4315 209 4398 ἢ
234 4312 475 4396 ἀριστοκρατία.

296 4401 323 4486 1)
351 4412 443 4474 Quam
462 4412 551 4464 etiam
573 4412 666 4466 Cicero
688 4413 721 4476 de
741 4414 814 4466 orat.
828 4411 915 4466 11344
933 4413 1131 4464 commendat:
1153 4411 1323 4478 „Sapientia
1409 4413 1439 4464 et
1458 4411 1519 4478 ipsa

191 4501 355 4569 eloquentia
375 4501 573 4554 admirationis
593 4501 681 4554 habet
701 4488 757 4554 non
778 4499 901 4562 minus.“

297 4587 320 4654 ²)
351 4591 579 4645 Sallustius
608 4593 727 4644 eandem
758 4591 897 4644 uirtutem
927 4591 1078 4658 pristinam
1118 4591 1186 4642 tunc
1224 4589 1367 4657 perditam
1405 4590 1519 4644 laudat:

192 4674 285 4743 (eant.
306 4680 332 4746 9,
352 4679 379 4747 2)
400 4679 494 4749 „cives
515 4693 579 4732 cum
599 4680 708 4733 civibus
729 4681 762 4732 de
783 4680 892 4733 virtute
912 4675 1093 4734 certabant.“
