<?xml version="1.0" encoding="UTF-8"?>
<!DOCTYPE html PUBLIC "-//W3C//DTD XHTML 1.0 Transitional//EN"
    "http://www.w3.org/TR/xhtml1/DTD/xhtml1-transitional.dtd">
<html xmlns="http://www.w3.org/1999/xhtml" xml:lang="en" lang="en">
 <head>
  <title>
</title>
<meta http-equiv="Content-Type" content="text/html;charset=utf-8" />
  <meta name='ocr-system' content='tesseract 3.04.00' />
  <meta name='ocr-capabilities' content='ocr_page ocr_carea ocr_par ocr_line ocrx_word'/>
</head>
<body>
  <div class='ocr_page' id='page_1' title='image "./laudesromae00gerngoog_0157.png"; bbox 0 0 3664 5512; ppageno 0'>
   <div class='ocr_carea' id='block_1_1' title="bbox 298 292 408 384">
    <p class='ocr_par' dir='ltr' id='par_1_1' title="bbox 298 292 408 384">
     <span class='ocr_line' id='line_1_1' title="bbox 298 292 408 384; baseline -0.018 -27"><span class='ocrx_word' id='word_1_1' title='bbox 298 317 301 322; x_wconf 75' lang='lat'><em>,</em></span> <span class='ocrx_word' id='word_1_2' title='bbox 332 292 408 384; x_wconf 72' lang='grc' dir='ltr'>Ινα</span> 
     </span>
    </p>
   </div>
   <div class='ocr_carea' id='block_1_2' title="bbox 301 503 1674 718">
    <p class='ocr_par' dir='ltr' id='par_1_2' title="bbox 301 480 1674 718">
     <span class='ocr_line' id='line_1_2' title="bbox 301 503 1674 594; baseline 0.004 -25"><span class='ocrx_word' id='word_1_3' title='bbox 301 564 303 569; x_wconf 91' lang='grc'><em>.</em></span> <span class='ocrx_word' id='word_1_4' title='bbox 343 503 444 570; x_wconf 82' lang='lat' dir='ltr'>verba</span> <span class='ocrx_word' id='word_1_5' title='bbox 485 504 595 586; x_wconf 84' lang='lat'>(106):</span> <span class='ocrx_word' id='word_1_6' title='bbox 638 503 709 567; x_wconf 82' lang='grc' dir='ltr'><em>ἀλλ’</em></span> <span class='ocrx_word' id='word_1_7' title='bbox 752 504 847 588; x_wconf 82' lang='grc' dir='ltr'><em>ἡνίκα</em></span> <span class='ocrx_word' id='word_1_8' title='bbox 887 507 925 567; x_wconf 80' lang='grc' dir='ltr'>ἂν</span> <span class='ocrx_word' id='word_1_9' title='bbox 962 507 993 588; x_wconf 86' lang='grc' dir='ltr'>ἡ</span> <span class='ocrx_word' id='word_1_10' title='bbox 1019 507 1158 590; x_wconf 83' lang='grc' dir='ltr'><em>ὑμετέρα</em></span> <span class='ocrx_word' id='word_1_11' title='bbox 1199 508 1381 592; x_wconf 80' lang='grc' dir='ltr'><em>προστασία</em></span> <span class='ocrx_word' id='word_1_12' title='bbox 1418 532 1453 572; x_wconf 85' lang='grc' dir='ltr'>τε</span> <span class='ocrx_word' id='word_1_13' title='bbox 1495 509 1550 573; x_wconf 83' lang='grc' dir='ltr'>καὶ</span> <span class='ocrx_word' id='word_1_14' title='bbox 1591 509 1674 594; x_wconf 79' lang='grc' dir='ltr'><em>ἀρχὴ</em></span> 
     </span>
     <span class='ocr_line' id='line_1_3' title="bbox 343 596 1673 718; baseline 0.008 -26"><span class='ocrx_word' id='word_1_15' title='bbox 343 637 500 712; x_wconf 84' lang='grc' dir='ltr'><strong><em>καταστῇ,</em></strong></span> <span class='ocrx_word' id='word_1_16' title='bbox 535 628 602 694; x_wconf 77' lang='grc' dir='ltr'>τότ’</span> <span class='ocrx_word' id='word_1_17' title='bbox 636 631 674 692; x_wconf 81' lang='grc' dir='ltr'>ἂν</span> <span class='ocrx_word' id='word_1_18' title='bbox 698 596 989 713; x_wconf 11' lang='grc' dir='ltr'><em>φάναιγφθαρῆναι</em></span> <span class='ocrx_word' id='word_1_19' title='bbox 1022 630 1058 694; x_wconf 81' lang='grc' dir='ltr'>τὸ</span> <span class='ocrx_word' id='word_1_20' title='bbox 1083 633 1295 715; x_wconf 80' lang='grc' dir='ltr'><em>σιδηροῦν</em></span> <span class='ocrx_word' id='word_1_21' title='bbox 1328 633 1462 714; x_wconf 79' lang='grc' dir='ltr'><em>φῦλον</em></span> <span class='ocrx_word' id='word_1_22' title='bbox 1492 633 1525 697; x_wconf 80' lang='grc' dir='ltr'>ἐν</span> <span class='ocrx_word' id='word_1_23' title='bbox 1556 643 1596 717; x_wconf 85' lang='grc' dir='ltr'>τῇ</span> <span class='ocrx_word' id='word_1_24' title='bbox 1619 643 1673 718; x_wconf 79' lang='grc' dir='ltr'>νῇ,</span> 
     </span>
    </p>
   </div>
   <div class='ocr_carea' id='block_1_3' title="bbox 342 752 1673 843">
    <p class='ocr_par' dir='ltr' id='par_1_3' title="bbox 342 752 1673 843">
     <span class='ocr_line' id='line_1_4' title="bbox 342 752 1673 843; baseline 0.005 -25"><span class='ocrx_word' id='word_1_25' title='bbox 342 752 397 818; x_wconf 84' lang='grc' dir='ltr'>καὶ</span> <span class='ocrx_word' id='word_1_26' title='bbox 417 753 527 838; x_wconf 80' lang='grc' dir='ltr'><em>Δίκῃ</em></span> <span class='ocrx_word' id='word_1_27' title='bbox 556 755 595 838; x_wconf 76' lang='grc' dir='ltr'>δὴ</span> <span class='ocrx_word' id='word_1_28' title='bbox 624 753 679 830; x_wconf 80' lang='grc' dir='ltr'>καί</span> <span class='ocrx_word' id='word_1_29' title='bbox 704 754 839 820; x_wconf 71' lang='lat' dir='ltr'>Aiunt</span> <span class='ocrx_word' id='word_1_30' title='bbox 866 755 933 821; x_wconf 79' lang='grc' dir='ltr'><strong><em>τότ’</em></strong></span> <span class='ocrx_word' id='word_1_31' title='bbox 958 758 997 819; x_wconf 84' lang='grc' dir='ltr'>ἂν</span> <span class='ocrx_word' id='word_1_32' title='bbox 1022 755 1197 824; x_wconf 80' lang='grc' dir='ltr'><em>ἀποδοῦναι</em></span> <span class='ocrx_word' id='word_1_33' title='bbox 1225 759 1368 822; x_wconf 79' lang='grc' dir='ltr'><em>κάθοδον</em></span> <span class='ocrx_word' id='word_1_34' title='bbox 1396 760 1441 834; x_wconf 84' lang='grc' dir='ltr'>εἰς</span> <span class='ocrx_word' id='word_1_35' title='bbox 1470 759 1673 843; x_wconf 82' lang='grc' dir='ltr'><em>ἀνθρώπους,</em></span> 
     </span>
    </p>
   </div>
   <div class='ocr_carea' id='block_1_4' title="bbox 186 879 1457 974">
    <p class='ocr_par' dir='ltr' id='par_1_4' title="bbox 186 879 1457 974">
     <span class='ocr_line' id='line_1_5' title="bbox 186 879 1457 974; baseline 0.005 -32"><span class='ocrx_word' id='word_1_36' title='bbox 186 941 188 949; x_wconf 86' lang='grc'>,</span> <span class='ocrx_word' id='word_1_37' title='bbox 261 967 263 974; x_wconf 17' lang='grc' dir='ltr'><strong><em>Α</em></strong></span> <span class='ocrx_word' id='word_1_38' title='bbox 341 879 396 943; x_wconf 83' lang='grc' dir='ltr'>καὶ</span> <span class='ocrx_word' id='word_1_39' title='bbox 429 881 654 964; x_wconf 81' lang='grc' dir='ltr'><em>οἰκτεῖραι</em></span> <span class='ocrx_word' id='word_1_40' title='bbox 689 881 789 956; x_wconf 79' lang='grc' dir='ltr'><em>τοὺς</em></span> <span class='ocrx_word' id='word_1_41' title='bbox 822 882 903 964; x_wconf 80' lang='grc' dir='ltr'>πρό</span> <span class='ocrx_word' id='word_1_42' title='bbox 935 882 1051 964; x_wconf 82' lang='grc' dir='ltr'><em>ὑμῶν</em></span> <span class='ocrx_word' id='word_1_43' title='bbox 1083 885 1402 967; x_wconf 76' lang='grc' dir='ltr'><em>γενομένοοςῙ).</em></span> <span class='ocrx_word' id='word_1_44' title='bbox 1454 907 1457 912; x_wconf 91' lang='grc'><strong><em>·</em></strong></span> 
     </span>
    </p>
   </div>
   <div class='ocr_carea' id='block_1_5' title="bbox 316 1039 1673 1502">
    <p class='ocr_par' dir='ltr' id='par_1_5' title="bbox 316 1015 1673 1502">
     <span class='ocr_line' id='line_1_6' title="bbox 449 1039 1673 1128; baseline 0.002 -21"><span class='ocrx_word' id='word_1_45' title='bbox 449 1039 530 1122; x_wconf 92' lang='lat' dir='ltr'>Quo</span> <span class='ocrx_word' id='word_1_46' title='bbox 564 1043 737 1108; x_wconf 91' lang='lat' dir='ltr'>enuntiato</span> <span class='ocrx_word' id='word_1_47' title='bbox 770 1041 929 1109; x_wconf 83' lang='lat' dir='ltr'>Aristides</span> <span class='ocrx_word' id='word_1_48' title='bbox 963 1061 1091 1126; x_wconf 85' lang='lat' dir='ltr'>pacem,</span> <span class='ocrx_word' id='word_1_49' title='bbox 1123 1061 1210 1126; x_wconf 86' lang='lat' dir='ltr'>quae</span> <span class='ocrx_word' id='word_1_50' title='bbox 1242 1044 1306 1109; x_wconf 88' lang='lat' dir='ltr'>sub</span> <span class='ocrx_word' id='word_1_51' title='bbox 1339 1045 1481 1128; x_wconf 91' lang='lat' dir='ltr'>imperio</span> <span class='ocrx_word' id='word_1_52' title='bbox 1515 1042 1673 1119; x_wconf 83' lang='lat' dir='ltr'>Romano</span> 
     </span>
     <span class='ocr_line' id='line_1_7' title="bbox 316 1149 1672 1252; baseline 0.002 -19"><span class='ocrx_word' id='word_1_53' title='bbox 316 1167 318 1170; x_wconf 81' lang='grc'><strong>’</strong></span> <span class='ocrx_word' id='word_1_54' title='bbox 341 1167 399 1233; x_wconf 92' lang='lat' dir='ltr'>toti</span> <span class='ocrx_word' id='word_1_55' title='bbox 420 1165 494 1232; x_wconf 93' lang='lat' dir='ltr'>orbi</span> <span class='ocrx_word' id='word_1_56' title='bbox 513 1170 675 1232; x_wconf 92' lang='lat' dir='ltr'>terrarum</span> <span class='ocrx_word' id='word_1_57' title='bbox 696 1149 753 1243; x_wconf 79' lang='lat' dir='ltr'>est,</span> <span class='ocrx_word' id='word_1_58' title='bbox 774 1184 849 1232; x_wconf 92' lang='lat' dir='ltr'>cum</span> <span class='ocrx_word' id='word_1_59' title='bbox 871 1184 1004 1236; x_wconf 93' lang='lat' dir='ltr'>aureo</span> <span class='ocrx_word' id='word_1_60' title='bbox 1025 1167 1210 1234; x_wconf 87' lang='lat' dir='ltr'>saeculo</span> <span class='ocrx_word' id='word_1_61' title='bbox 1224 1169 1409 1252; x_wconf 85' lang='lat' dir='ltr'>componit.</span> <span class='ocrx_word' id='word_1_62' title='bbox 1446 1167 1540 1235; x_wconf 84' lang='lat' dir='ltr'>llanc</span> <span class='ocrx_word' id='word_1_63' title='bbox 1560 1176 1672 1237; x_wconf 87' lang='lat' dir='ltr'>autem</span> 
     </span>
     <span class='ocr_line' id='line_1_8' title="bbox 340 1291 1672 1378; baseline 0.002 -21"><span class='ocrx_word' id='word_1_64' title='bbox 340 1291 469 1357; x_wconf 89' lang='lat' dir='ltr'>dicendi</span> <span class='ocrx_word' id='word_1_65' title='bbox 508 1293 682 1368; x_wconf 89' lang='lat' dir='ltr'>rationem,</span> <span class='ocrx_word' id='word_1_66' title='bbox 724 1309 824 1375; x_wconf 87' lang='lat' dir='ltr'>quam</span> <span class='ocrx_word' id='word_1_67' title='bbox 859 1291 947 1375; x_wconf 91' lang='lat' dir='ltr'>apud</span> <span class='ocrx_word' id='word_1_68' title='bbox 983 1300 1102 1375; x_wconf 90' lang='lat' dir='ltr'>poetas</span> <span class='ocrx_word' id='word_1_69' title='bbox 1134 1294 1242 1358; x_wconf 80' lang='lat' dir='ltr'>tritam</span> <span class='ocrx_word' id='word_1_70' title='bbox 1276 1292 1379 1360; x_wconf 86' lang='lat' dir='ltr'>luisse</span> <span class='ocrx_word' id='word_1_71' title='bbox 1416 1293 1596 1378; x_wconf 79' lang='lat' dir='ltr'>constat²)‚</span> <span class='ocrx_word' id='word_1_72' title='bbox 1640 1295 1672 1360; x_wconf 92' lang='lat' dir='ltr'>in</span> 
     </span>
     <span class='ocr_line' id='line_1_9' title="bbox 341 1410 1672 1502; baseline 0.002 -20"><span class='ocrx_word' id='word_1_73' title='bbox 341 1415 471 1483; x_wconf 89' lang='lat' dir='ltr'>laudem</span> <span class='ocrx_word' id='word_1_74' title='bbox 495 1413 727 1484; x_wconf 85' lang='lat' dir='ltr'>Romanorum</span> <span class='ocrx_word' id='word_1_75' title='bbox 753 1415 929 1483; x_wconf 81' lang='lat' dir='ltr'>conterunt</span> <span class='ocrx_word' id='word_1_76' title='bbox 952 1416 1050 1482; x_wconf 93' lang='lat' dir='ltr'>etiam</span> <span class='ocrx_word' id='word_1_77' title='bbox 1077 1410 1307 1500; x_wconf 80' lang='lat' dir='ltr'>Vergilius</span> <span class='ocrx_word' id='word_1_78' title='bbox 1330 1418 1469 1502; x_wconf 80' lang='lat' dir='ltr'>Augusti</span> <span class='ocrx_word' id='word_1_79' title='bbox 1495 1420 1672 1502; x_wconf 88' lang='lat' dir='ltr'>imperium</span> 
     </span>
    </p>
   </div>
   <div class='ocr_carea' id='block_1_6' title="bbox 341 1511 1323 1730">
    <p class='ocr_par' dir='ltr' id='par_1_6' title="bbox 341 1511 1323 1730">
     <span class='ocr_line' id='line_1_10' title="bbox 341 1511 808 1626; baseline -0.002 -19"><span class='ocrx_word' id='word_1_80' title='bbox 341 1541 513 1626; x_wconf 84' lang='lat' dir='ltr'>celebrans</span> <span class='ocrx_word' id='word_1_81' title='bbox 538 1542 630 1624; x_wconf 81' lang='lat' dir='ltr'>(Aen.</span> <span class='ocrx_word' id='word_1_82' title='bbox 650 1539 690 1606; x_wconf 92' lang='lat' dir='ltr'>Vl</span> <span class='ocrx_word' id='word_1_83' title='bbox 715 1511 808 1620; x_wconf 73' lang='lat' dir='ltr'>792l:</span> 
     </span>
     <span class='ocr_line' id='line_1_11' title="bbox 392 1649 1323 1730; baseline 0.002 -12"><span class='ocrx_word' id='word_1_84' title='bbox 392 1659 394 1665; x_wconf 83' lang='grc'>’</span> <span class='ocrx_word' id='word_1_85' title='bbox 1034 1650 1164 1730; x_wconf 84' lang='lat' dir='ltr'>„Aurea</span> <span class='ocrx_word' id='word_1_86' title='bbox 1187 1649 1323 1720; x_wconf 87' lang='lat' dir='ltr'>condet.</span> 
     </span>
    </p>
   </div>
   <div class='ocr_carea' id='block_1_7' title="bbox 464 1773 1319 1981">
    <p class='ocr_par' dir='ltr' id='par_1_7' title="bbox 464 1773 1319 1981">
     <span class='ocr_line' id='line_1_12' title="bbox 464 1773 1319 1858; baseline 0.001 -19"><span class='ocrx_word' id='word_1_87' title='bbox 464 1813 465 1818; x_wconf 59' lang='lat'><em>=</em></span> <span class='ocrx_word' id='word_1_88' title='bbox 498 1773 633 1840; x_wconf 89' lang='lat' dir='ltr'>saecula</span> <span class='ocrx_word' id='word_1_89' title='bbox 657 1775 712 1857; x_wconf 86' lang='lat' dir='ltr'>qui</span> <span class='ocrx_word' id='word_1_90' title='bbox 738 1791 853 1842; x_wconf 88' lang='lat' dir='ltr'>rursus</span> <span class='ocrx_word' id='word_1_91' title='bbox 879 1773 972 1840; x_wconf 84' lang='lat' dir='ltr'>Latio</span> <span class='ocrx_word' id='word_1_92' title='bbox 997 1780 1132 1858; x_wconf 81' lang='lat' dir='ltr'>regnata</span> <span class='ocrx_word' id='word_1_93' title='bbox 1158 1788 1319 1858; x_wconf 87' lang='lat' dir='ltr'>perarua</span> 
     </span>
     <span class='ocr_line' id='line_1_13' title="bbox 498 1897 875 1981; baseline -0.003 -17"><span class='ocrx_word' id='word_1_94' title='bbox 498 1897 644 1965; x_wconf 90' lang='lat' dir='ltr'>Saturno</span> <span class='ocrx_word' id='word_1_95' title='bbox 669 1898 875 1981; x_wconf 67' lang='lat' dir='ltr'>quondam,</span> 
     </span>
    </p>
   </div>
   <div class='ocr_carea' id='block_1_8' title="bbox 230 2001 1673 2498">
    <p class='ocr_par' dir='ltr' id='par_1_8' title="bbox 339 2001 1673 2250">
     <span class='ocr_line' id='line_1_14' title="bbox 339 2001 1673 2134; baseline 0.003 -28"><span class='ocrx_word' id='word_1_96' title='bbox 339 2001 494 2124; x_wconf 73' lang='lat' dir='ltr'>idemque</span> <span class='ocrx_word' id='word_1_97' title='bbox 518 2058 646 2124; x_wconf 84' lang='lat' dir='ltr'><strong>pacem,</strong></span> <span class='ocrx_word' id='word_1_98' title='bbox 670 2060 771 2124; x_wconf 83' lang='lat' dir='ltr'>quam</span> <span class='ocrx_word' id='word_1_99' title='bbox 788 2059 889 2108; x_wconf 44' lang='lat' dir='ltr'>*anno</span> <span class='ocrx_word' id='word_1_100' title='bbox 914 2061 942 2108; x_wconf 92' lang='lat' dir='ltr'>a.</span> <span class='ocrx_word' id='word_1_101' title='bbox 967 2040 1042 2124; x_wconf 68' lang='lat' dir='ltr'>Cirr.</span> <span class='ocrx_word' id='word_1_102' title='bbox 1068 2061 1097 2106; x_wconf 94' lang='lat' dir='ltr'>n.</span> <span class='ocrx_word' id='word_1_103' title='bbox 1121 2043 1164 2108; x_wconf 83' lang='lat'>39</span> <span class='ocrx_word' id='word_1_104' title='bbox 1184 2047 1356 2134; x_wconf 85' lang='lat' dir='ltr'>venturam</span> <span class='ocrx_word' id='word_1_105' title='bbox 1381 2059 1457 2109; x_wconf 88' lang='lat' dir='ltr'>esse</span> <span class='ocrx_word' id='word_1_106' title='bbox 1481 2041 1673 2125; x_wconf 77' lang='lat' dir='ltr'>sperabant,</span> 
     </span>
     <span class='ocr_line' id='line_1_15' title="bbox 340 2137 1325 2250; baseline -0.005 -18"><span class='ocrx_word' id='word_1_107' title='bbox 340 2146 760 2250; x_wconf 44' lang='lat' dir='ltr'>mfflmssmtm:</span> <span class='ocrx_word' id='word_1_108' title='bbox 1319 2137 1325 2150; x_wconf 55' lang='lat'><em>¹</em></span> 
     </span>
    </p>

    <p class='ocr_par' dir='ltr' id='par_1_9' title="bbox 230 2267 1531 2498">
     <span class='ocr_line' id='line_1_16' title="bbox 230 2267 1531 2386; baseline 0 -30"><span class='ocrx_word' id='word_1_109' title='bbox 230 2267 232 2274; x_wconf 47' lang='grc'><em>’</em></span> <span class='ocrx_word' id='word_1_110' title='bbox 354 2301 394 2342; x_wconf 72' lang='grc' dir='ltr'><em>θ</em></span> <span class='ocrx_word' id='word_1_111' title='bbox 501 2291 587 2368; x_wconf 89' lang='lat' dir='ltr'>„lam</span> <span class='ocrx_word' id='word_1_112' title='bbox 614 2290 695 2356; x_wconf 90' lang='lat' dir='ltr'>redit</span> <span class='ocrx_word' id='word_1_113' title='bbox 718 2297 749 2357; x_wconf 92' lang='lat' dir='ltr'>et</span> <span class='ocrx_word' id='word_1_114' title='bbox 768 2289 881 2374; x_wconf 77' lang='lat' dir='ltr'>Virgo</span> <span class='ocrx_word' id='word_1_115' title='bbox 906 2290 1044 2358; x_wconf 91' lang='lat' dir='ltr'>redeunt</span> <span class='ocrx_word' id='word_1_116' title='bbox 1067 2290 1221 2357; x_wconf 86' lang='lat' dir='ltr'>Saturnia</span> <span class='ocrx_word' id='word_1_117' title='bbox 1246 2301 1401 2374; x_wconf 78' lang='lat' dir='ltr'>regna;&#39;</span> <span class='ocrx_word' id='word_1_118' title='bbox 1529 2381 1531 2386; x_wconf 23' lang='grc' dir='ltr'>Ι</span> 
     </span>
     <span class='ocr_line' id='line_1_17' title="bbox 499 2387 1420 2498; baseline -0.007 -18"><span class='ocrx_word' id='word_1_119' title='bbox 499 2415 563 2481; x_wconf 90' lang='lat' dir='ltr'>iam</span> <span class='ocrx_word' id='word_1_120' title='bbox 590 2387 678 2481; x_wconf 79' lang='lat' dir='ltr'>noua</span> <span class='ocrx_word' id='word_1_121' title='bbox 703 2415 883 2498; x_wconf 82' lang='lat' dir='ltr'>progenies</span> <span class='ocrx_word' id='word_1_122' title='bbox 907 2405 1002 2482; x_wconf 87' lang='lat' dir='ltr'>caelo</span> <span class='ocrx_word' id='word_1_123' title='bbox 1027 2414 1207 2482; x_wconf 85' lang='lat' dir='ltr'>demittitur</span> <span class='ocrx_word' id='word_1_124' title='bbox 1229 2415 1329 2482; x_wconf 89' lang='lat' dir='ltr'>alto.“</span> <span class='ocrx_word' id='word_1_125' title='bbox 1412 2418 1420 2474; x_wconf 76' lang='grc'>“.</span> 
     </span>
    </p>
   </div>
   <div class='ocr_carea' id='block_1_9' title="bbox 297 2573 896 2682">
    <p class='ocr_par' dir='ltr' id='par_1_10' title="bbox 297 2573 896 2682">
     <span class='ocr_line' id='line_1_18' title="bbox 297 2573 896 2682; baseline -0.002 -41"><span class='ocrx_word' id='word_1_126' title='bbox 297 2675 300 2682; x_wconf 27' lang='grc' dir='ltr'>Ι</span> <span class='ocrx_word' id='word_1_127' title='bbox 339 2581 369 2641; x_wconf 90' lang='lat' dir='ltr'>et</span> <span class='ocrx_word' id='word_1_128' title='bbox 393 2573 672 2657; x_wconf 76' lang='lat' dir='ltr'>Calpurnius</span> <span class='ocrx_word' id='word_1_129' title='bbox 701 2575 759 2640; x_wconf 89' lang='lat' dir='ltr'>ecl.</span> <span class='ocrx_word' id='word_1_130' title='bbox 788 2577 896 2651; x_wconf 86' lang='lat' dir='ltr'>t‚·42:</span> 
     </span>
    </p>
   </div>
   <div class='ocr_carea' id='block_1_10' title="bbox 432 2717 1499 3174">
    <p class='ocr_par' dir='ltr' id='par_1_11' title="bbox 432 2717 1499 3174">
     <span class='ocr_line' id='line_1_19' title="bbox 500 2717 1373 2800; baseline 0.001 -18"><span class='ocrx_word' id='word_1_131' title='bbox 500 2717 665 2796; x_wconf 81' lang='lat' dir='ltr'>„Aurea</span> <span class='ocrx_word' id='word_1_132' title='bbox 689 2734 807 2783; x_wconf 86' lang='lat' dir='ltr'>secura</span> <span class='ocrx_word' id='word_1_133' title='bbox 831 2734 907 2782; x_wconf 89' lang='lat' dir='ltr'>cum</span> <span class='ocrx_word' id='word_1_134' title='bbox 933 2735 1016 2800; x_wconf 92' lang='lat' dir='ltr'>pace</span> <span class='ocrx_word' id='word_1_135' title='bbox 1041 2719 1223 2786; x_wconf 85' lang='lat' dir='ltr'>renascitur</span> <span class='ocrx_word' id='word_1_136' title='bbox 1247 2725 1373 2784; x_wconf 90' lang='lat' dir='ltr'>aetas</span> 
     </span>
     <span class='ocr_line' id='line_1_20' title="bbox 432 2833 1322 2928; baseline 0.002 -21"><span class='ocrx_word' id='word_1_137' title='bbox 432 2925 433 2928; x_wconf 8' lang='grc' dir='ltr'><strong>Ἴ</strong></span> <span class='ocrx_word' id='word_1_138' title='bbox 497 2849 528 2907; x_wconf 91' lang='lat' dir='ltr'>et</span> <span class='ocrx_word' id='word_1_139' title='bbox 553 2840 634 2908; x_wconf 91' lang='lat' dir='ltr'>redit</span> <span class='ocrx_word' id='word_1_140' title='bbox 658 2840 699 2906; x_wconf 91' lang='lat' dir='ltr'>ad</span> <span class='ocrx_word' id='word_1_141' title='bbox 722 2849 826 2908; x_wconf 89' lang='lat' dir='ltr'>terras</span> <span class='ocrx_word' id='word_1_142' title='bbox 849 2840 991 2908; x_wconf 91' lang='lat' dir='ltr'>tandem</span> <span class='ocrx_word' id='word_1_143' title='bbox 1009 2842 1168 2925; x_wconf 87' lang='lat' dir='ltr'>squalore</span> <span class='ocrx_word' id='word_1_144' title='bbox 1191 2833 1322 2926; x_wconf 87' lang='lat' dir='ltr'>situque</span> 
     </span>
     <span class='ocr_line' id='line_1_21' title="bbox 471 2957 1499 3064; baseline 0.002 -33"><span class='ocrx_word' id='word_1_145' title='bbox 471 2996 473 2999; x_wconf 31' lang='lat' dir='ltr'>v</span> <span class='ocrx_word' id='word_1_146' title='bbox 497 2966 585 3032; x_wconf 90' lang='lat' dir='ltr'>alma</span> <span class='ocrx_word' id='word_1_147' title='bbox 604 2963 785 3064; x_wconf 84' lang='lat' dir='ltr'>Themis</span> <span class='ocrx_word' id='word_1_148' title='bbox 808 2969 923 3049; x_wconf 91' lang='lat' dir='ltr'>posito</span> <span class='ocrx_word' id='word_1_149' title='bbox 948 2957 1170 3050; x_wconf 85' lang='lat' dir='ltr'>iuvenemque</span> <span class='ocrx_word' id='word_1_150' title='bbox 1194 2967 1290 3035; x_wconf 90' lang='lat' dir='ltr'>beata</span> <span class='ocrx_word' id='word_1_151' title='bbox 1313 2975 1499 3050; x_wconf 86' lang='lat' dir='ltr'>sequuntur</span> 
     </span>
     <span class='ocr_line' id='line_1_22' title="bbox 496 3089 1330 3174; baseline 0.001 -17"><span class='ocrx_word' id='word_1_152' title='bbox 496 3089 699 3168; x_wconf 87' lang='lat' dir='ltr'>saecula,</span> <span class='ocrx_word' id='word_1_153' title='bbox 725 3092 882 3157; x_wconf 87' lang='lat' dir='ltr'>maternis</span> <span class='ocrx_word' id='word_1_154' title='bbox 906 3109 1043 3158; x_wconf 91' lang='lat' dir='ltr'>causam</span> <span class='ocrx_word' id='word_1_155' title='bbox 1068 3092 1123 3174; x_wconf 84' lang='lat' dir='ltr'>qui</span> <span class='ocrx_word' id='word_1_156' title='bbox 1149 3092 1223 3157; x_wconf 90' lang='lat' dir='ltr'>vicit</span> <span class='ocrx_word' id='word_1_157' title='bbox 1247 3090 1330 3158; x_wconf 91' lang='lat' dir='ltr'>lulis.</span> 
     </span>
    </p>
   </div>
   <div class='ocr_carea' id='block_1_11' title="bbox 424 3232 870 3316">
    <p class='ocr_par' dir='ltr' id='par_1_12' title="bbox 424 3232 870 3316">
     <span class='ocr_line' id='line_1_23' title="bbox 424 3232 870 3316; baseline -0.011 -15"><span class='ocrx_word' id='word_1_158' title='bbox 424 3236 475 3301; x_wconf 84' lang='lat'>54.</span> <span class='ocrx_word' id='word_1_159' title='bbox 494 3232 644 3300; x_wconf 88' lang='lat' dir='ltr'>Candida</span> <span class='ocrx_word' id='word_1_160' title='bbox 669 3251 733 3316; x_wconf 85' lang='lat' dir='ltr'>pax</span> <span class='ocrx_word' id='word_1_161' title='bbox 755 3232 870 3300; x_wconf 90' lang='lat' dir='ltr'>aderit.</span> 
     </span>
    </p>
   </div>
   <div class='ocr_carea' id='block_1_12' title="bbox 334 3437 1681 3711">
    <p class='ocr_par' dir='ltr' id='par_1_13' title="bbox 334 3437 1681 3711">
     <span class='ocr_line' id='line_1_24' title="bbox 442 3437 1668 3526; baseline 0.002 -14"><span class='ocrx_word' id='word_1_162' title='bbox 442 3456 465 3522; x_wconf 86' lang='lat'>¹)</span> <span class='ocrx_word' id='word_1_163' title='bbox 503 3460 568 3524; x_wconf 86' lang='lat' dir='ltr'>Eos,</span> <span class='ocrx_word' id='word_1_164' title='bbox 604 3457 650 3525; x_wconf 87' lang='lat' dir='ltr'>qui</span> <span class='ocrx_word' id='word_1_165' title='bbox 681 3457 830 3524; x_wconf 89' lang='lat' dir='ltr'>imperium</span> <span class='ocrx_word' id='word_1_166' title='bbox 862 3457 1023 3514; x_wconf 83' lang='lat' dir='ltr'>Romanum</span> <span class='ocrx_word' id='word_1_167' title='bbox 1050 3437 1196 3526; x_wconf 79' lang='lat' dir='ltr'>ignorent,</span> <span class='ocrx_word' id='word_1_168' title='bbox 1232 3460 1308 3525; x_wconf 88' lang='lat' dir='ltr'>quod</span> <span class='ocrx_word' id='word_1_169' title='bbox 1337 3460 1388 3511; x_wconf 91' lang='lat' dir='ltr'>aut</span> <span class='ocrx_word' id='word_1_170' title='bbox 1416 3460 1499 3515; x_wconf 90' lang='lat' dir='ltr'>extra</span> <span class='ocrx_word' id='word_1_171' title='bbox 1528 3460 1557 3512; x_wconf 89' lang='lat' dir='ltr'>id</span> <span class='ocrx_word' id='word_1_172' title='bbox 1585 3462 1668 3515; x_wconf 84' lang='lat' dir='ltr'>sedes</span> 
     </span>
     <span class='ocr_line' id='line_1_25' title="bbox 334 3546 1681 3618; baseline 0 -16"><span class='ocrx_word' id='word_1_173' title='bbox 334 3549 461 3605; x_wconf 84' lang='lat' dir='ltr'>habeant</span> <span class='ocrx_word' id='word_1_174' title='bbox 489 3550 540 3601; x_wconf 91' lang='lat' dir='ltr'>aut</span> <span class='ocrx_word' id='word_1_175' title='bbox 568 3548 635 3600; x_wconf 88' lang='lat' dir='ltr'>ante</span> <span class='ocrx_word' id='word_1_176' title='bbox 664 3547 813 3613; x_wconf 90' lang='lat' dir='ltr'>imperium</span> <span class='ocrx_word' id='word_1_177' title='bbox 842 3547 991 3600; x_wconf 87' lang='lat' dir='ltr'>conditum</span> <span class='ocrx_word' id='word_1_178' title='bbox 1020 3546 1135 3612; x_wconf 88' lang='lat' dir='ltr'>tuerint,</span> <span class='ocrx_word' id='word_1_179' title='bbox 1165 3547 1345 3601; x_wconf 90' lang='lat' dir='ltr'>miseratione</span> <span class='ocrx_word' id='word_1_180' title='bbox 1375 3547 1473 3618; x_wconf 86' lang='lat' dir='ltr'>dignus</span> <span class='ocrx_word' id='word_1_181' title='bbox 1501 3561 1561 3602; x_wconf 89' lang='lat' dir='ltr'>esse</span> <span class='ocrx_word' id='word_1_182' title='bbox 1590 3549 1681 3602; x_wconf 67' lang='lat' dir='ltr'>idem·</span> 
     </span>
     <span class='ocr_line' id='line_1_26' title="bbox 335 3618 1668 3711; baseline 0.002 -22"><span class='ocrx_word' id='word_1_183' title='bbox 335 3638 431 3690; x_wconf 85' lang='lat' dir='ltr'>rhetor</span> <span class='ocrx_word' id='word_1_184' title='bbox 464 3637 600 3706; x_wconf 79' lang='lat' dir='ltr'>exprimit</span> <span class='ocrx_word' id='word_1_185' title='bbox 623 3634 696 3705; x_wconf 73' lang='lat' dir='ltr'>(99l:</span> <span class='ocrx_word' id='word_1_186' title='bbox 719 3628 817 3690; x_wconf 75' lang='grc' dir='ltr'>ιὥστε</span> <span class='ocrx_word' id='word_1_187' title='bbox 845 3627 962 3708; x_wconf 81' lang='grc' dir='ltr'><em>μόνους</em></span> <span class='ocrx_word' id='word_1_188' title='bbox 990 3627 1079 3698; x_wconf 84' lang='grc' dir='ltr'><em>ἄξιον</em></span> <span class='ocrx_word' id='word_1_189' title='bbox 1103 3625 1181 3690; x_wconf 79' lang='grc' dir='ltr'><em>εἶναι</em></span> <span class='ocrx_word' id='word_1_190' title='bbox 1215 3618 1530 3711; x_wconf 74' lang='grc' dir='ltr'><em>κατοικτὲῖραι</em></span> <span class='ocrx_word' id='word_1_191' title='bbox 1563 3628 1668 3704; x_wconf 78' lang='grc' dir='ltr'><em>τοὺς</em></span> 
     </span>
    </p>
   </div>
   <div class='ocr_carea' id='block_1_13' title="bbox 241 3714 1667 3800">
    <p class='ocr_par' dir='ltr' id='par_1_14' title="bbox 241 3714 1667 3800">
     <span class='ocr_line' id='line_1_27' title="bbox 241 3714 1667 3800; baseline 0.004 -24"><span class='ocrx_word' id='word_1_192' title='bbox 241 3769 244 3776; x_wconf 80' lang='lat'>.</span> <span class='ocrx_word' id='word_1_193' title='bbox 334 3716 352 3778; x_wconf 87' lang='grc' dir='ltr'><strong><em>ἔ</em></strong></span> <span class='ocrx_word' id='word_1_194' title='bbox 359 3719 378 3788; x_wconf 82' lang='grc' dir='ltr'>ξ</span> <span class='ocrx_word' id='word_1_195' title='bbox 389 3741 416 3779; x_wconf 86' lang='grc' dir='ltr'>ω</span> <span class='ocrx_word' id='word_1_196' title='bbox 441 3724 514 3798; x_wconf 82' lang='grc' dir='ltr'>τῆς</span> <span class='ocrx_word' id='word_1_197' title='bbox 538 3718 615 3798; x_wconf 77' lang='grc' dir='ltr'>ὑμέ</span> <span class='ocrx_word' id='word_1_198' title='bbox 627 3717 698 3799; x_wconf 79' lang='grc' dir='ltr'>τέρ</span> <span class='ocrx_word' id='word_1_199' title='bbox 711 3739 776 3790; x_wconf 83' lang='grc' dir='ltr'>ας,</span> <span class='ocrx_word' id='word_1_200' title='bbox 802 3717 833 3778; x_wconf 89' lang='grc' dir='ltr'>εί</span> <span class='ocrx_word' id='word_1_201' title='bbox 849 3716 930 3791; x_wconf 84' lang='grc' dir='ltr'><em>τινές</em></span> <span class='ocrx_word' id='word_1_202' title='bbox 948 3715 1012 3778; x_wconf 79' lang='grc' dir='ltr'><em>πού</em></span> <span class='ocrx_word' id='word_1_203' title='bbox 1031 3717 1110 3780; x_wconf 86' lang='grc' dir='ltr'><em>εἰσιν</em></span> <span class='ocrx_word' id='word_1_204' title='bbox 1129 3717 1201 3799; x_wconf 79' lang='grc' dir='ltr'><em>ἄρα,</em></span> <span class='ocrx_word' id='word_1_205' title='bbox 1226 3714 1408 3799; x_wconf 77' lang='grc' dir='ltr'><em>ἡγεμονίας,</em></span> <span class='ocrx_word' id='word_1_206' title='bbox 1434 3719 1510 3780; x_wconf 79' lang='grc' dir='ltr'><em>οἵων</em></span> <span class='ocrx_word' id='word_1_207' title='bbox 1530 3716 1667 3800; x_wconf 70' lang='grc' dir='ltr'><em>ἀγαθῶν</em></span> 
     </span>
    </p>
   </div>
   <div class='ocr_carea' id='block_1_14' title="bbox 332 3807 1667 4067">
    <p class='ocr_par' dir='ltr' id='par_1_15' title="bbox 332 3807 1667 4067">
     <span class='ocr_line' id='line_1_28' title="bbox 334 3807 1665 3889; baseline 0 -20"><span class='ocrx_word' id='word_1_208' title='bbox 334 3807 518 3889; x_wconf 83' lang='grc' dir='ltr'><em>στέρονται,·</em></span> <span class='ocrx_word' id='word_1_209' title='bbox 551 3815 678 3868; x_wconf 88' lang='lat' dir='ltr'>conteras</span> <span class='ocrx_word' id='word_1_210' title='bbox 715 3827 827 3882; x_wconf 88' lang='lat' dir='ltr'>quoque</span> <span class='ocrx_word' id='word_1_211' title='bbox 863 3813 949 3867; x_wconf 85' lang='lat' dir='ltr'>uerba</span> <span class='ocrx_word' id='word_1_212' title='bbox 988 3814 1112 3867; x_wconf 85' lang='lat' dir='ltr'>Callinici</span> <span class='ocrx_word' id='word_1_213' title='bbox 1150 3814 1260 3867; x_wconf 86' lang='lat' dir='ltr'>Petraei</span> <span class='ocrx_word' id='word_1_214' title='bbox 1298 3817 1395 3883; x_wconf 90' lang='lat' dir='ltr'>(supra</span> <span class='ocrx_word' id='word_1_215' title='bbox 1429 3827 1456 3882; x_wconf 91' lang='lat' dir='ltr'>p.</span> <span class='ocrx_word' id='word_1_216' title='bbox 1487 3817 1521 3868; x_wconf 84' lang='lat'>77</span> <span class='ocrx_word' id='word_1_217' title='bbox 1549 3813 1665 3880; x_wconf 82' lang='lat' dir='ltr'>allatal:</span> 
     </span>
     <span class='ocr_line' id='line_1_29' title="bbox 334 3881 1667 3978; baseline 0.002 -20"><span class='ocrx_word' id='word_1_218' title='bbox 334 3895 413 3958; x_wconf 82' lang='grc' dir='ltr'><em>εἶναι</em></span> <span class='ocrx_word' id='word_1_219' title='bbox 446 3893 572 3977; x_wconf 81' lang='grc' dir='ltr'><em>ζημίαν,</em></span> <span class='ocrx_word' id='word_1_220' title='bbox 606 3895 638 3956; x_wconf 85' lang='grc' dir='ltr'>εί</span> <span class='ocrx_word' id='word_1_221' title='bbox 667 3915 714 3968; x_wconf 87' lang='grc' dir='ltr'>τις</span> <span class='ocrx_word' id='word_1_222' title='bbox 745 3895 790 3976; x_wconf 78' lang='grc' dir='ltr'>μὴ</span> <span class='ocrx_word' id='word_1_223' title='bbox 825 3893 943 3976; x_wconf 82' lang='grc' dir='ltr'><em>ταύτην</em></span> <span class='ocrx_word' id='word_1_224' title='bbox 974 3881 1131 3968; x_wconf 74' lang='grc' dir='ltr'><em>θεάσαιτο</em></span> <span class='ocrx_word' id='word_1_225' title='bbox 1241 3895 1312 3956; x_wconf 82' lang='grc' dir='ltr'><em>ὅσοι</em></span> <span class='ocrx_word' id='word_1_226' title='bbox 1338 3896 1383 3978; x_wconf 82' lang='grc' dir='ltr'>μὴ</span> <span class='ocrx_word' id='word_1_227' title='bbox 1413 3893 1580 3978; x_wconf 82' lang='grc' dir='ltr'><em>ἀπείρατοι</em></span> <span class='ocrx_word' id='word_1_228' title='bbox 1609 3902 1667 3977; x_wconf 82' lang='grc' dir='ltr'>τῆς</span> 
     </span>
     <span class='ocr_line' id='line_1_30' title="bbox 332 3982 1505 4067; baseline -0.001 -21"><span class='ocrx_word' id='word_1_229' title='bbox 332 3984 491 4067; x_wconf 81' lang='grc' dir='ltr'><em>ἡμετέρας</em></span> <span class='ocrx_word' id='word_1_230' title='bbox 515 3984 650 4066; x_wconf 82' lang='grc' dir='ltr'><em>ἔμειναν,</em></span> <span class='ocrx_word' id='word_1_231' title='bbox 675 3983 773 4046; x_wconf 89' lang='grc' dir='ltr'><em>νόθον</em></span> <span class='ocrx_word' id='word_1_232' title='bbox 797 3983 872 4046; x_wconf 68' lang='grc' dir='ltr'><em>τινὰ,</em></span> <span class='ocrx_word' id='word_1_233' title='bbox 888 3982 958 4065; x_wconf 81' lang='grc' dir='ltr'><em>βίον</em></span> <span class='ocrx_word' id='word_1_234' title='bbox 1058 3983 1267 4053; x_wconf 83' lang='grc' dir='ltr'><em>θιαντλοῦσιν.</em></span> <span class='ocrx_word' id='word_1_235' title='bbox 1503 3997 1505 4002; x_wconf 80' lang='grc'><strong>“</strong></span> 
     </span>
    </p>
   </div>
   <div class='ocr_carea' id='block_1_15' title="bbox 243 4093 1696 4702">
    <p class='ocr_par' dir='ltr' id='par_1_16' title="bbox 243 4093 1696 4702">
     <span class='ocr_line' id='line_1_31' title="bbox 405 4093 1664 4169; baseline 0.001 -16"><span class='ocrx_word' id='word_1_236' title='bbox 405 4093 407 4096; x_wconf 74' lang='grc'><strong>’</strong></span> <span class='ocrx_word' id='word_1_237' title='bbox 439 4096 463 4160; x_wconf 78' lang='lat'>²)</span> <span class='ocrx_word' id='word_1_238' title='bbox 478 4099 558 4167; x_wconf 83' lang='lat' dir='ltr'>otto,</span> <span class='ocrx_word' id='word_1_239' title='bbox 577 4099 779 4167; x_wconf 83' lang='lat' dir='ltr'>Spriclrwiirter</span> <span class='ocrx_word' id='word_1_240' title='bbox 795 4101 843 4151; x_wconf 86' lang='lat' dir='ltr'>der</span> <span class='ocrx_word' id='word_1_241' title='bbox 861 4099 964 4155; x_wconf 83' lang='lat' dir='ltr'>Riimer</span> <span class='ocrx_word' id='word_1_242' title='bbox 980 4114 1006 4167; x_wconf 92' lang='lat' dir='ltr'>p.</span> <span class='ocrx_word' id='word_1_243' title='bbox 1023 4101 1068 4164; x_wconf 87' lang='lat'>46,</span> <span class='ocrx_word' id='word_1_244' title='bbox 1083 4100 1136 4152; x_wconf 85' lang='grc'>208</span> <span class='ocrx_word' id='word_1_245' title='bbox 1146 4101 1176 4152; x_wconf 90' lang='lat' dir='ltr'>et</span> <span class='ocrx_word' id='word_1_246' title='bbox 1192 4099 1344 4152; x_wconf 89' lang='lat' dir='ltr'>Carolus</span> <span class='ocrx_word' id='word_1_247' title='bbox 1360 4097 1415 4152; x_wconf 90' lang='lat' dir='ltr'>We</span> <span class='ocrx_word' id='word_1_248' title='bbox 1426 4113 1539 4169; x_wconf 90' lang='lat' dir='ltr'>yman:</span> <span class='ocrx_word' id='word_1_249' title='bbox 1556 4099 1664 4157; x_wconf 72' lang='lat' dir='ltr'>Arent.</span> 
     </span>
     <span class='ocr_line' id='line_1_32' title="bbox 334 4188 1665 4256; baseline 0.001 -14"><span class='ocrx_word' id='word_1_250' title='bbox 334 4191 381 4244; x_wconf 90' lang='lat' dir='ltr'>lat.</span> <span class='ocrx_word' id='word_1_251' title='bbox 409 4191 475 4242; x_wconf 87' lang='lat' dir='ltr'>Lex.</span> <span class='ocrx_word' id='word_1_252' title='bbox 502 4189 621 4256; x_wconf 90' lang='lat' dir='ltr'>Xlllp.</span> <span class='ocrx_word' id='word_1_253' title='bbox 646 4189 699 4244; x_wconf 82' lang='lat'>265</span> <span class='ocrx_word' id='word_1_254' title='bbox 728 4190 869 4256; x_wconf 88' lang='lat' dir='ltr'>permulta</span> <span class='ocrx_word' id='word_1_255' title='bbox 893 4189 977 4242; x_wconf 86' lang='lat' dir='ltr'>lruius</span> <span class='ocrx_word' id='word_1_256' title='bbox 1001 4189 1134 4242; x_wconf 86' lang='lat' dir='ltr'>dictionis</span> <span class='ocrx_word' id='word_1_257' title='bbox 1158 4189 1289 4255; x_wconf 90' lang='lat' dir='ltr'>exempla</span> <span class='ocrx_word' id='word_1_258' title='bbox 1318 4188 1452 4243; x_wconf 83' lang='lat' dir='ltr'>atterunt.</span> <span class='ocrx_word' id='word_1_259' title='bbox 1497 4189 1542 4242; x_wconf 88' lang='lat' dir='ltr'>Ex</span> <span class='ocrx_word' id='word_1_260' title='bbox 1570 4189 1665 4243; x_wconf 86' lang='lat' dir='ltr'>verbis</span> 
     </span>
     <span class='ocr_line' id='line_1_33' title="bbox 332 4277 1666 4346; baseline 0.001 -15"><span class='ocrx_word' id='word_1_261' title='bbox 332 4281 429 4331; x_wconf 90' lang='lat' dir='ltr'>autem</span> <span class='ocrx_word' id='word_1_262' title='bbox 448 4279 568 4332; x_wconf 88' lang='lat' dir='ltr'>Senecae</span> <span class='ocrx_word' id='word_1_263' title='bbox 584 4278 665 4344; x_wconf 89' lang='lat' dir='ltr'>epist.</span> <span class='ocrx_word' id='word_1_264' title='bbox 685 4279 744 4343; x_wconf 84' lang='lat'>115,</span> <span class='ocrx_word' id='word_1_265' title='bbox 761 4278 797 4330; x_wconf 88' lang='lat' dir='ltr'>lV</span> <span class='ocrx_word' id='word_1_266' title='bbox 815 4279 860 4331; x_wconf 77' lang='lat' dir='ltr'>ts:</span> <span class='ocrx_word' id='word_1_267' title='bbox 882 4278 977 4346; x_wconf 84' lang='lat' dir='ltr'>„quod</span> <span class='ocrx_word' id='word_1_268' title='bbox 995 4277 1138 4344; x_wconf 87' lang='lat' dir='ltr'>optimum</span> <span class='ocrx_word' id='word_1_269' title='bbox 1154 4277 1242 4331; x_wconf 87' lang='lat' dir='ltr'>uideri</span> <span class='ocrx_word' id='word_1_270' title='bbox 1259 4279 1361 4331; x_wconf 90' lang='lat' dir='ltr'>volunt</span> <span class='ocrx_word' id='word_1_271' title='bbox 1375 4279 1530 4345; x_wconf 85' lang='lat' dir='ltr'>saeculum,</span> <span class='ocrx_word' id='word_1_272' title='bbox 1544 4291 1666 4332; x_wconf 89' lang='lat' dir='ltr'>aureum</span> 
     </span>
     <span class='ocr_line' id='line_1_34' title="bbox 332 4361 1696 4440; baseline 0.001 -19"><span class='ocrx_word' id='word_1_273' title='bbox 332 4365 497 4436; x_wconf 86' lang='lat' dir='ltr'>appellarrt“</span> <span class='ocrx_word' id='word_1_274' title='bbox 522 4370 571 4436; x_wconf 86' lang='lat' dir='ltr'>(sc.</span> <span class='ocrx_word' id='word_1_275' title='bbox 598 4363 721 4434; x_wconf 85' lang='lat' dir='ltr'>poetae),</span> <span class='ocrx_word' id='word_1_276' title='bbox 755 4368 799 4440; x_wconf 90' lang='lat' dir='ltr'>uel</span> <span class='ocrx_word' id='word_1_277' title='bbox 823 4368 916 4419; x_wconf 88' lang='lat' dir='ltr'>Taciti</span> <span class='ocrx_word' id='word_1_278' title='bbox 940 4367 1006 4421; x_wconf 87' lang='lat' dir='ltr'>dial.</span> <span class='ocrx_word' id='word_1_279' title='bbox 1035 4368 1080 4421; x_wconf 87' lang='lat'>12:</span> <span class='ocrx_word' id='word_1_280' title='bbox 1099 4367 1203 4434; x_wconf 37' lang='lat' dir='ltr'>·„,telix</span> <span class='ocrx_word' id='word_1_281' title='bbox 1226 4367 1295 4420; x_wconf 88' lang='lat' dir='ltr'>illud</span> <span class='ocrx_word' id='word_1_282' title='bbox 1329 4369 1368 4434; x_wconf 90' lang='lat' dir='ltr'>et,</span> <span class='ocrx_word' id='word_1_283' title='bbox 1402 4361 1435 4420; x_wconf 90' lang='lat' dir='ltr'>ut</span> <span class='ocrx_word' id='word_1_284' title='bbox 1460 4380 1535 4420; x_wconf 90' lang='lat' dir='ltr'>more</span> <span class='ocrx_word' id='word_1_285' title='bbox 1566 4371 1696 4434; x_wconf 45' lang='lat' dir='ltr'>nostro,</span> 
     </span>
     <span class='ocr_line' id='line_1_35' title="bbox 333 4454 1667 4524; baseline 0 -14"><span class='ocrx_word' id='word_1_286' title='bbox 333 4459 441 4524; x_wconf 89' lang='lat' dir='ltr'>loquar,</span> <span class='ocrx_word' id='word_1_287' title='bbox 470 4470 587 4510; x_wconf 91' lang='lat' dir='ltr'>aureum</span> <span class='ocrx_word' id='word_1_288' title='bbox 616 4454 801 4523; x_wconf 51' lang='lat' dir='ltr'>saeculum‘ss.</span> <span class='ocrx_word' id='word_1_289' title='bbox 821 4458 978 4509; x_wconf 89' lang='lat' dir='ltr'>luculenter</span> <span class='ocrx_word' id='word_1_290' title='bbox 1002 4459 1122 4524; x_wconf 90' lang='lat' dir='ltr'>apparet</span> <span class='ocrx_word' id='word_1_291' title='bbox 1145 4457 1219 4509; x_wconf 86' lang='lat' dir='ltr'>lranc</span> <span class='ocrx_word' id='word_1_292' title='bbox 1244 4457 1417 4509; x_wconf 89' lang='lat' dir='ltr'>locutionem</span> <span class='ocrx_word' id='word_1_293' title='bbox 1441 4455 1585 4524; x_wconf 89' lang='lat' dir='ltr'>proverbii</span> <span class='ocrx_word' id='word_1_294' title='bbox 1605 4457 1667 4511; x_wconf 91' lang='lat' dir='ltr'>vim</span> 
     </span>
     <span class='ocr_line' id='line_1_36' title="bbox 331 4539 1667 4616; baseline 0 -16"><span class='ocrx_word' id='word_1_295' title='bbox 331 4546 471 4600; x_wconf 88' lang='lat' dir='ltr'>lrabuisse.</span> <span class='ocrx_word' id='word_1_296' title='bbox 502 4544 636 4599; x_wconf 86' lang='lat' dir='ltr'>Conteras</span> <span class='ocrx_word' id='word_1_297' title='bbox 653 4546 741 4598; x_wconf 87' lang='lat' dir='ltr'>etiam</span> <span class='ocrx_word' id='word_1_298' title='bbox 761 4547 913 4600; x_wconf 88' lang='lat' dir='ltr'>Ernestum</span> <span class='ocrx_word' id='word_1_299' title='bbox 938 4545 1045 4599; x_wconf 80' lang='lat' dir='ltr'>Grai:</span> <span class='ocrx_word' id='word_1_300' title='bbox 1066 4545 1110 4598; x_wconf 71' lang='lat' dir='ltr'>Ad</span> <span class='ocrx_word' id='word_1_301' title='bbox 1130 4559 1231 4598; x_wconf 88' lang='lat' dir='ltr'>aureae</span> <span class='ocrx_word' id='word_1_302' title='bbox 1251 4545 1357 4600; x_wconf 85' lang='lat' dir='ltr'>aetatis</span> <span class='ocrx_word' id='word_1_303' title='bbox 1376 4545 1503 4598; x_wconf 85' lang='lat' dir='ltr'>tabulam</span> <span class='ocrx_word' id='word_1_304' title='bbox 1521 4539 1667 4616; x_wconf 89' lang='lat' dir='ltr'>symbola,</span> 
     </span>
     <span class='ocr_line' id='line_1_37' title="bbox 243 4634 1474 4702; baseline 0 -14"><span class='ocrx_word' id='word_1_305' title='bbox 243 4685 250 4699; x_wconf 64' lang='lat'>.</span> <span class='ocrx_word' id='word_1_306' title='bbox 333 4637 425 4702; x_wconf 89' lang='lat' dir='ltr'>Leipz.</span> <span class='ocrx_word' id='word_1_307' title='bbox 449 4635 490 4689; x_wconf 88' lang='lat' dir='ltr'>St.</span> <span class='ocrx_word' id='word_1_308' title='bbox 507 4635 566 4687; x_wconf 91' lang='lat' dir='ltr'>Vlll</span> <span class='ocrx_word' id='word_1_309' title='bbox 591 4635 686 4702; x_wconf 60' lang='lat'>1-84,</span> <span class='ocrx_word' id='word_1_310' title='bbox 707 4635 754 4688; x_wconf 91' lang='lat' dir='ltr'>ubi</span> <span class='ocrx_word' id='word_1_311' title='bbox 776 4635 865 4690; x_wconf 85' lang='lat' dir='ltr'>totins</span> <span class='ocrx_word' id='word_1_312' title='bbox 885 4635 968 4688; x_wconf 89' lang='lat' dir='ltr'>lruius</span> <span class='ocrx_word' id='word_1_313' title='bbox 990 4634 1165 4701; x_wconf 87' lang='lat' dir='ltr'>quaestionis</span> <span class='ocrx_word' id='word_1_314' title='bbox 1185 4635 1303 4688; x_wconf 85' lang='lat' dir='ltr'>historia</span> <span class='ocrx_word' id='word_1_315' title='bbox 1323 4635 1474 4688; x_wconf 85' lang='lat' dir='ltr'>tractatur.</span> 
     </span>
    </p>
   </div>
   <div class='ocr_carea' id='block_1_16' title="bbox 0 0 1836 5512">
    <p class='ocr_par' dir='ltr' id='par_1_17' title="bbox 0 0 1836 5512">
     <span class='ocr_line' id='line_1_38' title="bbox 0 0 1836 5512; baseline 0 0"><span class='ocrx_word' id='word_1_316' title='bbox 0 0 1836 5512; x_wconf 95' lang='lat' dir='ltr'> </span> 
     </span>
    </p>
   </div>
  </div>
 </body>
</html>
