<?xml version="1.0" encoding="UTF-8"?>
<!DOCTYPE html PUBLIC "-//W3C//DTD XHTML 1.0 Transitional//EN"
    "http://www.w3.org/TR/xhtml1/DTD/xhtml1-transitional.dtd">
<html xmlns="http://www.w3.org/1999/xhtml" xml:lang="en" lang="en">
 <head>
  <title>
</title>
<meta http-equiv="Content-Type" content="text/html;charset=utf-8" />
  <meta name='ocr-system' content='tesseract 3.04.00' />
  <meta name='ocr-capabilities' content='ocr_page ocr_carea ocr_par ocr_line ocrx_word'/>
</head>
<body>
  <div class='ocr_page' id='page_1' title='image "./laudesromae00gerngoog_0151.png"; bbox 0 0 3664 5512; ppageno 0'>
   <div class='ocr_carea' id='block_1_1' title="bbox 377 285 439 352">
    <p class='ocr_par' dir='ltr' id='par_1_1' title="bbox 377 285 439 352">
     <span class='ocr_line' id='line_1_1' title="bbox 377 285 439 352; baseline 0.016 -1"><span class='ocrx_word' id='word_1_1' title='bbox 377 285 439 352; x_wconf 83' lang='lat'><em>138</em></span> 
     </span>
    </p>
   </div>
   <div class='ocr_carea' id='block_1_2' title="bbox 374 465 1706 1458">
    <p class='ocr_par' dir='ltr' id='par_1_2' title="bbox 374 465 1706 1458">
     <span class='ocr_line' id='line_1_2' title="bbox 375 465 1700 584; baseline -0.001 -20"><span class='ocrx_word' id='word_1_2' title='bbox 375 497 554 566; x_wconf 83' lang='lat' dir='ltr'>Callinicus</span> <span class='ocrx_word' id='word_1_3' title='bbox 579 465 748 576; x_wconf 75' lang='lat' dir='ltr'><em>l³etraeu5‚¹</em></span> <span class='ocrx_word' id='word_1_4' title='bbox 776 518 850 564; x_wconf 87' lang='lat' dir='ltr'>curn</span> <span class='ocrx_word' id='word_1_5' title='bbox 877 499 1042 566; x_wconf 81' lang='lat' dir='ltr'>declamat</span> <span class='ocrx_word' id='word_1_6' title='bbox 1071 497 1158 584; x_wconf 82' lang='lat' dir='ltr'>(Frg.</span> <span class='ocrx_word' id='word_1_7' title='bbox 1184 498 1222 566; x_wconf 93' lang='grc' dir='ltr'><strong>Η.</strong></span> <span class='ocrx_word' id='word_1_8' title='bbox 1247 497 1305 566; x_wconf 85' lang='lat' dir='ltr'><em>Gr.</em></span> <span class='ocrx_word' id='word_1_9' title='bbox 1332 499 1367 568; x_wconf 98' lang='lat' dir='ltr'><em>lll</em></span> <span class='ocrx_word' id='word_1_10' title='bbox 1390 501 1454 565; x_wconf 79' lang='lat'><em>663</em></span> <span class='ocrx_word' id='word_1_11' title='bbox 1480 499 1700 583; x_wconf 76' lang='lat' dir='ltr'>lduellerl:</span> 
     </span>
     <span class='ocr_line' id='line_1_3' title="bbox 374 599 1703 732; baseline -0.002 -42.979"><span class='ocrx_word' id='word_1_12' title='bbox 374 623 421 689; x_wconf 86' lang='lat' dir='ltr'><em>‘H</em></span> <span class='ocrx_word' id='word_1_13' title='bbox 441 624 476 690; x_wconf 86' lang='grc' dir='ltr'><em>δὲ</em></span> <span class='ocrx_word' id='word_1_14' title='bbox 493 633 565 689; x_wconf 83' lang='grc' dir='ltr'><em>τῶν</em></span> <span class='ocrx_word' id='word_1_15' title='bbox 589 599 697 707; x_wconf 73' lang='grc' dir='ltr'><em>Ιγόρων</em></span> <span class='ocrx_word' id='word_1_16' title='bbox 721 611 868 699; x_wconf 86' lang='grc' dir='ltr'><em>σύνταξις</em></span> <span class='ocrx_word' id='word_1_17' title='bbox 902 624 973 688; x_wconf 88' lang='grc' dir='ltr'><em>ούθ</em></span> <span class='ocrx_word' id='word_1_18' title='bbox 1008 625 1148 706; x_wconf 78' lang='grc' dir='ltr'><em>ἡμετέρα</em></span> <span class='ocrx_word' id='word_1_19' title='bbox 1171 623 1339 696; x_wconf 82' lang='grc' dir='ltr'><em>πλεονεξία</em></span> <span class='ocrx_word' id='word_1_20' title='bbox 1362 610 1516 732; x_wconf 87' lang='grc' dir='ltr'><em>γίγνεται.</em></span> <span class='ocrx_word' id='word_1_21' title='bbox 1542 628 1615 688; x_wconf 84' lang='grc' dir='ltr'><em>οὔτε</em></span> <span class='ocrx_word' id='word_1_22' title='bbox 1639 634 1703 688; x_wconf 79' lang='grc' dir='ltr'><em>τῶν</em></span> 
     </span>
     <span class='ocr_line' id='line_1_4' title="bbox 374 713 1703 834; baseline -0.003 -20"><span class='ocrx_word' id='word_1_23' title='bbox 374 713 527 814; x_wconf 77' lang='grc' dir='ltr'><em>διδόντων</em></span> <span class='ocrx_word' id='word_1_24' title='bbox 560 734 669 832; x_wconf 84' lang='grc' dir='ltr'><em>ζημίά,</em></span> <span class='ocrx_word' id='word_1_25' title='bbox 708 748 778 812; x_wconf 82' lang='grc' dir='ltr'><em>ἀλλ’</em></span> <span class='ocrx_word' id='word_1_26' title='bbox 817 751 880 823; x_wconf 84' lang='grc' dir='ltr'><em>εἰς</em></span> <span class='ocrx_word' id='word_1_27' title='bbox 899 749 935 812; x_wconf 87' lang='grc' dir='ltr'><em>τό</em></span> <span class='ocrx_word' id='word_1_28' title='bbox 960 750 1100 833; x_wconf 85' lang='grc' dir='ltr'><em>μάχιμον</em></span> <span class='ocrx_word' id='word_1_29' title='bbox 1123 751 1216 834; x_wconf 88' lang='grc' dir='ltr'><em>γένος</em></span> <span class='ocrx_word' id='word_1_30' title='bbox 1239 714 1464 831; x_wconf 83' lang='grc' dir='ltr'><em>δαπανωμένη,</em></span> <span class='ocrx_word' id='word_1_31' title='bbox 1498 748 1538 812; x_wconf 84' lang='grc' dir='ltr'><em>δι’</em></span> <span class='ocrx_word' id='word_1_32' title='bbox 1573 747 1703 812; x_wconf 81' lang='grc' dir='ltr'><strong><em>ἐκείνων</em></strong></span> 
     </span>
     <span class='ocr_line' id='line_1_5' title="bbox 374 841 1703 956; baseline 0.002 -20"><span class='ocrx_word' id='word_1_33' title='bbox 374 873 468 938; x_wconf 91' lang='grc' dir='ltr'><em>πάλιν</em></span> <span class='ocrx_word' id='word_1_34' title='bbox 501 875 546 948; x_wconf 87' lang='grc' dir='ltr'><em>εἰς</em></span> <span class='ocrx_word' id='word_1_35' title='bbox 578 875 652 948; x_wconf 83' lang='grc' dir='ltr'><em>τούς</em></span> <span class='ocrx_word' id='word_1_36' title='bbox 685 841 879 950; x_wconf 83' lang='grc' dir='ltr'><em>διδόντας’</em></span> <span class='ocrx_word' id='word_1_37' title='bbox 863 875 1033 948; x_wconf 87' lang='grc' dir='ltr'><em>επάνεισιν</em></span> <span class='ocrx_word' id='word_1_38' title='bbox 1076 877 1161 938; x_wconf 88' lang='grc' dir='ltr'><em>ὥστε</em></span> <span class='ocrx_word' id='word_1_39' title='bbox 1192 873 1380 956; x_wconf 84' lang='grc' dir='ltr'><em>δανείσμασι</em></span> <span class='ocrx_word' id='word_1_40' title='bbox 1371 875 1635 955; x_wconf 89' lang='grc' dir='ltr'><em>ιπριοσεοκέναι</em></span> <span class='ocrx_word' id='word_1_41' title='bbox 1667 875 1703 938; x_wconf 86' lang='grc' dir='ltr'><em>τὸ</em></span> 
     </span>
     <span class='ocr_line' id='line_1_6' title="bbox 375 983 1706 1085; baseline 0.002 -23"><span class='ocrx_word' id='word_1_42' title='bbox 375 983 540 1081; x_wconf 76' lang='grc' dir='ltr'><em>διδόμενον</em></span> <span class='ocrx_word' id='word_1_43' title='bbox 563 998 728 1081; x_wconf 84' lang='grc' dir='ltr'><em>μᾶλλον</em></span> <span class='ocrx_word' id='word_1_44' title='bbox 708 1024 728 1082; x_wconf 86' lang='grc' dir='ltr'><em>η</em></span> <span class='ocrx_word' id='word_1_45' title='bbox 753 998 861 1081; x_wconf 80' lang='grc' dir='ltr'><em>φόρων</em></span> <span class='ocrx_word' id='word_1_46' title='bbox 886 983 1053 1085; x_wconf 77' lang='grc' dir='ltr'><em>επόγιιγῇ.</em></span> <span class='ocrx_word' id='word_1_47' title='bbox 1092 996 1264 1080; x_wconf 83' lang='lat' dir='ltr'>Quantam</span> <span class='ocrx_word' id='word_1_48' title='bbox 1282 1003 1393 1063; x_wconf 84' lang='lat' dir='ltr'>autern</span> <span class='ocrx_word' id='word_1_49' title='bbox 1412 998 1580 1065; x_wconf 83' lang='lat' dir='ltr'>utilitatem</span> <span class='ocrx_word' id='word_1_50' title='bbox 1597 1001 1706 1082; x_wconf 86' lang='lat' dir='ltr'>capiat</span> 
     </span>
     <span class='ocr_line' id='line_1_7' title="bbox 377 1120 1705 1210; baseline 0.002 -22"><span class='ocrx_word' id='word_1_51' title='bbox 377 1120 485 1210; x_wconf 84' lang='lat' dir='ltr'>Roma</span> <span class='ocrx_word' id='word_1_52' title='bbox 517 1126 558 1189; x_wconf 88' lang='lat' dir='ltr'><em>ab</em></span> <span class='ocrx_word' id='word_1_53' title='bbox 594 1123 644 1190; x_wconf 88' lang='lat' dir='ltr'>lris</span> <span class='ocrx_word' id='word_1_54' title='bbox 679 1123 821 1205; x_wconf 72' lang='lat' dir='ltr'>nonulla,</span> <span class='ocrx_word' id='word_1_55' title='bbox 855 1124 931 1206; x_wconf 85' lang='lat' dir='ltr'>quia</span> <span class='ocrx_word' id='word_1_56' title='bbox 958 1123 1110 1206; x_wconf 85' lang='lat' dir='ltr'>omnium</span> <span class='ocrx_word' id='word_1_57' title='bbox 1137 1123 1383 1204; x_wconf 88' lang='lat' dir='ltr'>provinciarum</span> <span class='ocrx_word' id='word_1_58' title='bbox 1409 1121 1534 1188; x_wconf 82' lang='lat' dir='ltr'>tructus</span> <span class='ocrx_word' id='word_1_59' title='bbox 1558 1130 1589 1189; x_wconf 92' lang='lat' dir='ltr'><em>et</em></span> <span class='ocrx_word' id='word_1_60' title='bbox 1614 1123 1705 1190; x_wconf 90' lang='lat' dir='ltr'>bona</span> 
     </span>
     <span class='ocr_line' id='line_1_8' title="bbox 376 1222 1706 1331; baseline 0 -18"><span class='ocrx_word' id='word_1_61' title='bbox 376 1248 409 1313; x_wconf 88' lang='lat' dir='ltr'><em>in</em></span> <span class='ocrx_word' id='word_1_62' title='bbox 423 1231 546 1315; x_wconf 70' lang='lat' dir='ltr'><em>¹urbem</em></span> <span class='ocrx_word' id='word_1_63' title='bbox 567 1222 844 1330; x_wconf 80' lang='lat' dir='ltr'>transportentur,</span> <span class='ocrx_word' id='word_1_64' title='bbox 869 1246 991 1331; x_wconf 85' lang='lat' dir='ltr'>poelae</span> <span class='ocrx_word' id='word_1_65' title='bbox 1016 1253 1047 1313; x_wconf 96' lang='lat' dir='ltr'><em>et</em></span> <span class='ocrx_word' id='word_1_66' title='bbox 1071 1246 1317 1313; x_wconf 86' lang='lat' dir='ltr'>declamatores</span> <span class='ocrx_word' id='word_1_67' title='bbox 1342 1247 1473 1326; x_wconf 44' lang='lat' dir='ltr'>crebro,</span> <span class='ocrx_word' id='word_1_68' title='bbox 1487 1255 1517 1313; x_wconf 94' lang='lat' dir='ltr'><em>et</em></span> <span class='ocrx_word' id='word_1_69' title='bbox 1540 1248 1706 1331; x_wconf 82' lang='lat' dir='ltr'>amplissi-</span> 
     </span>
     <span class='ocr_line' id='line_1_9' title="bbox 377 1371 841 1458; baseline -0.002 -19"><span class='ocrx_word' id='word_1_70' title='bbox 377 1373 441 1440; x_wconf 87' lang='lat' dir='ltr'><em>mis</em></span> <span class='ocrx_word' id='word_1_71' title='bbox 460 1371 572 1439; x_wconf 83' lang='lat' dir='ltr'>verbls</span> <span class='ocrx_word' id='word_1_72' title='bbox 596 1373 784 1455; x_wconf 84' lang='lat' dir='ltr'>explanant.</span> <span class='ocrx_word' id='word_1_73' title='bbox 837 1451 841 1458; x_wconf 22' lang='lat'>¹</span> 
     </span>
    </p>
   </div>
   <div class='ocr_carea' id='block_1_3' title="bbox 376 1527 1709 1885">
    <p class='ocr_par' dir='ltr' id='par_1_3' title="bbox 376 1527 1709 1885">
     <span class='ocr_line' id='line_1_10' title="bbox 485 1527 1707 1635; baseline 0.001 -18"><span class='ocrx_word' id='word_1_74' title='bbox 485 1527 740 1635; x_wconf 38' lang='lat' dir='ltr'>llanc&#39;quorrue</span> <span class='ocrx_word' id='word_1_75' title='bbox 766 1550 893 1620; x_wconf 86' lang='lat' dir='ltr'>Romae</span> <span class='ocrx_word' id='word_1_76' title='bbox 919 1550 1105 1617; x_wconf 84' lang='lat' dir='ltr'>laudandae</span> <span class='ocrx_word' id='word_1_77' title='bbox 1141 1552 1303 1618; x_wconf 86' lang='lat' dir='ltr'>rationem</span> <span class='ocrx_word' id='word_1_78' title='bbox 1339 1570 1358 1617; x_wconf 91' lang='lat' dir='ltr'><em>a</em></span> <span class='ocrx_word' id='word_1_79' title='bbox 1391 1552 1509 1618; x_wconf 87' lang='lat' dir='ltr'>schola</span> <span class='ocrx_word' id='word_1_80' title='bbox 1542 1551 1707 1618; x_wconf 88' lang='lat' dir='ltr'>declama-</span> 
     </span>
     <span class='ocr_line' id='line_1_11' title="bbox 376 1649 1705 1760; baseline 0 -18"><span class='ocrx_word' id='word_1_81' title='bbox 376 1677 462 1743; x_wconf 88' lang='lat' dir='ltr'>toria</span> <span class='ocrx_word' id='word_1_82' title='bbox 479 1675 663 1760; x_wconf 86' lang='lat' dir='ltr'>prolectam</span> <span class='ocrx_word' id='word_1_83' title='bbox 681 1693 755 1744; x_wconf 84' lang='lat' dir='ltr'>esse</span> <span class='ocrx_word' id='word_1_84' title='bbox 771 1693 957 1752; x_wconf 55' lang='lat' dir='ltr'>censemus</span> <span class='ocrx_word' id='word_1_85' title='bbox 982 1675 1075 1758; x_wconf 87' lang='lat' dir='ltr'>quod</span> <span class='ocrx_word' id='word_1_86' title='bbox 1091 1675 1241 1741; x_wconf 82' lang='lat' dir='ltr'>Athenae</span> <span class='ocrx_word' id='word_1_87' title='bbox 1257 1649 1350 1758; x_wconf 85' lang='lat' dir='ltr'>lpsae</span> <span class='ocrx_word' id='word_1_88' title='bbox 1370 1693 1506 1759; x_wconf 86' lang='lat' dir='ltr'>quoque</span> <span class='ocrx_word' id='word_1_89' title='bbox 1525 1677 1568 1743; x_wconf 93' lang='lat' dir='ltr'><em>ab</em></span> <span class='ocrx_word' id='word_1_90' title='bbox 1583 1677 1705 1742; x_wconf 91' lang='lat' dir='ltr'>eodem</span> 
     </span>
     <span class='ocr_line' id='line_1_12' title="bbox 377 1798 1709 1885; baseline -0.003 -17"><span class='ocrx_word' id='word_1_91' title='bbox 377 1802 456 1868; x_wconf 85' lang='lat' dir='ltr'>loco</span> <span class='ocrx_word' id='word_1_92' title='bbox 491 1800 676 1867; x_wconf 76' lang='lat' dir='ltr'>celebratae</span> <span class='ocrx_word' id='word_1_93' title='bbox 709 1801 829 1867; x_wconf 76' lang='lat' dir='ltr'>Sintel</span> <span class='ocrx_word' id='word_1_94' title='bbox 852 1798 1098 1883; x_wconf 80' lang='lat' dir='ltr'>aThucydi</span> <span class='ocrx_word' id='word_1_95' title='bbox 1110 1799 1159 1866; x_wconf 86' lang='lat' dir='ltr'><em>de</em></span> <span class='ocrx_word' id='word_1_96' title='bbox 1184 1799 1205 1866; x_wconf 91' lang='grc' dir='ltr'><em>ΙΙ</em></span> <span class='ocrx_word' id='word_1_97' title='bbox 1230 1803 1326 1877; x_wconf 83' lang='grc'>38,2</span> <span class='ocrx_word' id='word_1_98' title='bbox 1364 1800 1571 1885; x_wconf 80' lang='grc' dir='ltr'><em>ἐπεσέρχεται</em></span> <span class='ocrx_word' id='word_1_99' title='bbox 1595 1801 1631 1866; x_wconf 83' lang='grc' dir='ltr'><em>δὲ</em></span> <span class='ocrx_word' id='word_1_100' title='bbox 1655 1802 1709 1866; x_wconf 89' lang='grc' dir='ltr'><em>διὰ</em></span> 
     </span>
    </p>
   </div>
   <div class='ocr_carea' id='block_1_4' title="bbox 201 1905 1708 2014">
    <p class='ocr_par' dir='ltr' id='par_1_4' title="bbox 201 1905 1708 2014">
     <span class='ocr_line' id='line_1_13' title="bbox 201 1905 1708 2014; baseline -0.003 -21"><span class='ocrx_word' id='word_1_101' title='bbox 201 1990 205 2014; x_wconf 69' lang='lat'><em>‚</em></span> <span class='ocrx_word' id='word_1_102' title='bbox 237 1920 294 1997; x_wconf 70' lang='lat'><em>³,</em></span> <span class='ocrx_word' id='word_1_103' title='bbox 363 1919 517 2010; x_wconf 64' lang='lat' dir='ltr'>&#39;nayedog</span> <span class='ocrx_word' id='word_1_104' title='bbox 539 1934 597 2009; x_wconf 85' lang='grc' dir='ltr'><em>τῆς</em></span> <span class='ocrx_word' id='word_1_105' title='bbox 619 1924 785 2008; x_wconf 83' lang='grc' dir='ltr'><em>πόλεως’</em></span> <span class='ocrx_word' id='word_1_106' title='bbox 770 1949 806 1989; x_wconf 89' lang='grc' dir='ltr'><em>εκ</em></span> <span class='ocrx_word' id='word_1_107' title='bbox 829 1926 941 2008; x_wconf 80' lang='grc' dir='ltr'><em>πάσης</em></span> <span class='ocrx_word' id='word_1_108' title='bbox 959 1934 1019 2008; x_wconf 82' lang='grc' dir='ltr'><em>γῆς</em></span> <span class='ocrx_word' id='word_1_109' title='bbox 1042 1926 1082 1988; x_wconf 86' lang='grc' dir='ltr'><em>τὰ</em></span> <span class='ocrx_word' id='word_1_110' title='bbox 1105 1927 1219 1999; x_wconf 90' lang='grc' dir='ltr'><em>πάντα,</em></span> <span class='ocrx_word' id='word_1_111' title='bbox 1245 1905 1300 1988; x_wconf 84' lang='grc' dir='ltr'><em>καὶ</em></span> <span class='ocrx_word' id='word_1_112' title='bbox 1323 1925 1444 2008; x_wconf 81' lang='grc' dir='ltr'><em>ομβα</em></span> <span class='ocrx_word' id='word_1_113' title='bbox 1441 1949 1486 1990; x_wconf 91' lang='grc' dir='ltr'><em>νε</em></span> <span class='ocrx_word' id='word_1_114' title='bbox 1477 1927 1584 2009; x_wconf 84' lang='grc' dir='ltr'><em>ιὴμῖν</em></span> <span class='ocrx_word' id='word_1_115' title='bbox 1606 1928 1708 2009; x_wconf 86' lang='grc' dir='ltr'><em>μηδὲν</em></span> 
     </span>
    </p>
   </div>
   <div class='ocr_carea' id='block_1_5' title="bbox 177 2021 1708 2136">
    <p class='ocr_par' dir='ltr' id='par_1_5' title="bbox 177 2021 1708 2136">
     <span class='ocr_line' id='line_1_14' title="bbox 177 2021 1708 2136; baseline -0.001 -22"><span class='ocrx_word' id='word_1_116' title='bbox 177 2043 180 2056; x_wconf 19' lang='grc' dir='ltr'>Χ</span> <span class='ocrx_word' id='word_1_117' title='bbox 226 2063 231 2072; x_wconf 89' lang='grc'><strong>’</strong></span> <span class='ocrx_word' id='word_1_118' title='bbox 292 2082 295 2086; x_wconf 65' lang='grc'><strong><em>’</em></strong></span> <span class='ocrx_word' id='word_1_119' title='bbox 378 2053 556 2136; x_wconf 76' lang='grc' dir='ltr'><em>οἰκειοτέρα</em></span> <span class='ocrx_word' id='word_1_120' title='bbox 587 2060 627 2134; x_wconf 81' lang='grc' dir='ltr'><em>τῇ</em></span> <span class='ocrx_word' id='word_1_121' title='bbox 651 2031 827 2116; x_wconf 81' lang='grc' dir='ltr'><em>ἀπολαύσει</em></span> <span class='ocrx_word' id='word_1_122' title='bbox 851 2052 891 2115; x_wconf 89' lang='grc' dir='ltr'><em>τὰ</em></span> <span class='ocrx_word' id='word_1_123' title='bbox 915 2053 1015 2116; x_wconf 85' lang='grc' dir='ltr'><em>αύτού</em></span> <span class='ocrx_word' id='word_1_124' title='bbox 1037 2050 1203 2133; x_wconf 79' lang='grc' dir='ltr'><em>ἀγαθὰν</em></span> <span class='ocrx_word' id='word_1_125' title='bbox 1170 2021 1343 2134; x_wconf 87' lang='grc' dir='ltr'><em>γιγνόμενα</em></span> <span class='ocrx_word' id='word_1_126' title='bbox 1366 2053 1624 2132; x_wconf 73' lang='grc' dir='ltr'><em>καρποῦσθαι</em></span> <span class='ocrx_word' id='word_1_127' title='bbox 1604 2076 1624 2134; x_wconf 93' lang='grc' dir='ltr'><em>η</em></span> <span class='ocrx_word' id='word_1_128' title='bbox 1651 2051 1708 2115; x_wconf 86' lang='grc' dir='ltr'><em>καὶ</em></span> 
     </span>
    </p>
   </div>
   <div class='ocr_carea' id='block_1_6' title="bbox 345 2155 1710 2769">
    <p class='ocr_par' dir='ltr' id='par_1_6' title="bbox 345 2155 1710 2769">
     <span class='ocr_line' id='line_1_15' title="bbox 377 2155 1708 2270; baseline 0 -29"><span class='ocrx_word' id='word_1_129' title='bbox 377 2177 418 2241; x_wconf 90' lang='grc' dir='ltr'><em>τὰ</em></span> <span class='ocrx_word' id='word_1_130' title='bbox 440 2184 505 2241; x_wconf 83' lang='grc' dir='ltr'><em>τῶν</em></span> <span class='ocrx_word' id='word_1_131' title='bbox 530 2175 636 2240; x_wconf 86' lang='grc' dir='ltr'><em>ἄλλων</em></span> <span class='ocrx_word' id='word_1_132' title='bbox 660 2171 852 2260; x_wconf 81' lang='grc' dir='ltr'><em>ἀνθρώπων.</em></span> <span class='ocrx_word' id='word_1_133' title='bbox 887 2186 918 2242; x_wconf 85' lang='lat' dir='ltr'><em>et</em></span> <span class='ocrx_word' id='word_1_134' title='bbox 942 2178 984 2242; x_wconf 89' lang='lat' dir='ltr'><em>ab</em></span> <span class='ocrx_word' id='word_1_135' title='bbox 1009 2176 1198 2270; x_wconf 77' lang='lat' dir='ltr'>Isocrate</span> <span class='ocrx_word' id='word_1_136' title='bbox 1232 2194 1280 2243; x_wconf 88' lang='lat' dir='ltr'><em>Or.</em></span> <span class='ocrx_word' id='word_1_137' title='bbox 1305 2174 1346 2240; x_wconf 89' lang='lat' dir='ltr'><em>lV</em></span> <span class='ocrx_word' id='word_1_138' title='bbox 1370 2178 1430 2242; x_wconf 85' lang='lat'><em>42:</em></span> <span class='ocrx_word' id='word_1_139' title='bbox 1464 2155 1615 2260; x_wconf 80' lang='grc' dir='ltr'><em>ἐμπόριον</em></span> <span class='ocrx_word' id='word_1_140' title='bbox 1644 2178 1708 2260; x_wconf 88' lang='grc' dir='ltr'><em>γὰρ</em></span> 
     </span>
     <span class='ocr_line' id='line_1_16' title="bbox 378 2284 1707 2386; baseline 0.002 -23"><span class='ocrx_word' id='word_1_141' title='bbox 378 2300 411 2364; x_wconf 85' lang='grc' dir='ltr'><em>ἐν</em></span> <span class='ocrx_word' id='word_1_142' title='bbox 441 2303 534 2384; x_wconf 84' lang='grc' dir='ltr'><em>μέσῳ</em></span> <span class='ocrx_word' id='word_1_143' title='bbox 566 2308 624 2385; x_wconf 81' lang='grc' dir='ltr'><em>τῆς</em></span> <span class='ocrx_word' id='word_1_144' title='bbox 656 2301 810 2377; x_wconf 81' lang='grc' dir='ltr'><em>Ἑλλάδος</em></span> <span class='ocrx_word' id='word_1_145' title='bbox 841 2302 896 2366; x_wconf 88' lang='grc' dir='ltr'><em>τόν</em></span> <span class='ocrx_word' id='word_1_146' title='bbox 926 2303 1066 2384; x_wconf 83' lang='grc' dir='ltr'><em>Πειραιᾶ</em></span> <span class='ocrx_word' id='word_1_147' title='bbox 1098 2301 1373 2376; x_wconf 86' lang='grc' dir='ltr'><em>κατεσκευάσατο,</em></span> <span class='ocrx_word' id='word_1_148' title='bbox 1407 2284 1566 2385; x_wconf 83' lang='grc' dir='ltr'><em>τοσαύτην</em></span> <span class='ocrx_word' id='word_1_149' title='bbox 1596 2303 1707 2386; x_wconf 79' lang='grc' dir='ltr'><em>ἔχονθ’</em></span> 
     </span>
     <span class='ocr_line' id='line_1_17' title="bbox 376 2425 1709 2511; baseline 0.002 -21"><span class='ocrx_word' id='word_1_150' title='bbox 376 2425 566 2510; x_wconf 75' lang='grc' dir='ltr'><em>ὑπερβολήν,</em></span> <span class='ocrx_word' id='word_1_151' title='bbox 602 2425 686 2492; x_wconf 87' lang='grc' dir='ltr'><em>ὥσθ</em></span> <span class='ocrx_word' id='word_1_152' title='bbox 721 2427 741 2488; x_wconf 87' lang='grc' dir='ltr'>ἃ</span> <span class='ocrx_word' id='word_1_153' title='bbox 773 2425 860 2508; x_wconf 85' lang='grc' dir='ltr'><em>παρὰ</em></span> <span class='ocrx_word' id='word_1_154' title='bbox 892 2435 966 2490; x_wconf 83' lang='grc' dir='ltr'><em>τῶν</em></span> <span class='ocrx_word' id='word_1_155' title='bbox 990 2425 1145 2490; x_wconf 82' lang='grc' dir='ltr'><em>ἄλλων</em></span> <span class='ocrx_word' id='word_1_156' title='bbox 1128 2450 1161 2488; x_wconf 89' lang='grc' dir='ltr'><em>εν</em></span> <span class='ocrx_word' id='word_1_157' title='bbox 1193 2447 1257 2508; x_wconf 92' lang='grc' dir='ltr'><em>παρ</em></span> <span class='ocrx_word' id='word_1_158' title='bbox 1304 2426 1450 2491; x_wconf 85' lang='grc' dir='ltr'><em>ἑκάστων</em></span> <span class='ocrx_word' id='word_1_159' title='bbox 1473 2427 1654 2511; x_wconf 87' lang='grc' dir='ltr'><em>χαλεπόν’</em></span> <span class='ocrx_word' id='word_1_160' title='bbox 1638 2452 1709 2493; x_wconf 88' lang='grc' dir='ltr'><em>εστι</em></span> 
     </span>
     <span class='ocr_line' id='line_1_18' title="bbox 376 2551 1709 2657; baseline 0.002 -43"><span class='ocrx_word' id='word_1_161' title='bbox 376 2551 495 2634; x_wconf 87' lang='grc' dir='ltr'><em>λαβεῖν,</em></span> <span class='ocrx_word' id='word_1_162' title='bbox 530 2551 624 2657; x_wconf 83' lang='grc' dir='ltr'><em>ταῦθ’</em></span> <span class='ocrx_word' id='word_1_163' title='bbox 658 2554 784 2616; x_wconf 86' lang='grc' dir='ltr'><em>ἅπαντα</em></span> <span class='ocrx_word' id='word_1_164' title='bbox 816 2551 891 2633; x_wconf 82' lang='grc' dir='ltr'><em>παρ’</em></span> <span class='ocrx_word' id='word_1_165' title='bbox 926 2553 1024 2633; x_wconf 82' lang='grc' dir='ltr'><em>αὐτῆς</em></span> <span class='ocrx_word' id='word_1_166' title='bbox 1056 2551 1165 2635; x_wconf 78' lang='grc' dir='ltr'><em>ράδιον</em></span> <span class='ocrx_word' id='word_1_167' title='bbox 1198 2551 1276 2614; x_wconf 82' lang='grc' dir='ltr'><em>εἶναι</em></span> <span class='ocrx_word' id='word_1_168' title='bbox 1305 2551 1558 2635; x_wconf 84' lang='grc' dir='ltr'><em>πορι’.σασθαι</em></span> <span class='ocrx_word' id='word_1_169' title='bbox 1572 2557 1647 2618; x_wconf 86' lang='grc'><em>.45</em></span> <span class='ocrx_word' id='word_1_170' title='bbox 1669 2555 1709 2617; x_wconf 85' lang='grc' dir='ltr'><em>τό</em></span> 
     </span>
     <span class='ocr_line' id='line_1_19' title="bbox 345 2660 1710 2769; baseline 0 -29"><span class='ocrx_word' id='word_1_171' title='bbox 345 2764 348 2769; x_wconf 25' lang='grc' dir='ltr'>Ι</span> <span class='ocrx_word' id='word_1_172' title='bbox 376 2675 502 2758; x_wconf 85' lang='grc' dir='ltr'><em>πλῆθος</em></span> <span class='ocrx_word' id='word_1_173' title='bbox 532 2685 596 2740; x_wconf 83' lang='grc' dir='ltr'><em>τῶν</em></span> <span class='ocrx_word' id='word_1_174' title='bbox 626 2660 918 2758; x_wconf 79' lang='grc' dir='ltr'><em>εΙσαφικνονμένανν</em></span> <span class='ocrx_word' id='word_1_175' title='bbox 952 2677 996 2750; x_wconf 82' lang='grc' dir='ltr'><em>ὡς</em></span> <span class='ocrx_word' id='word_1_176' title='bbox 1019 2677 1104 2758; x_wconf 84' lang='grc' dir='ltr'><em>ἡμᾶς</em></span> <span class='ocrx_word' id='word_1_177' title='bbox 1131 2675 1288 2740; x_wconf 85' lang='grc' dir='ltr'><em>τοσοντόν</em></span> <span class='ocrx_word' id='word_1_178' title='bbox 1318 2676 1415 2752; x_wconf 81' lang='grc' dir='ltr'><em>ἐστιν,</em></span> <span class='ocrx_word' id='word_1_179' title='bbox 1451 2676 1530 2742; x_wconf 84' lang='grc' dir='ltr'><em>ὥστ</em></span> <span class='ocrx_word' id='word_1_180' title='bbox 1562 2681 1594 2741; x_wconf 86' lang='grc' dir='ltr'><em>εἴ</em></span> <span class='ocrx_word' id='word_1_181' title='bbox 1613 2702 1643 2742; x_wconf 92' lang='grc' dir='ltr'><em>τι</em></span> <span class='ocrx_word' id='word_1_182' title='bbox 1675 2679 1710 2742; x_wconf 83' lang='grc' dir='ltr'><em>ἐν</em></span> 
     </span>
    </p>
   </div>
   <div class='ocr_carea' id='block_1_7' title="bbox 377 2799 1711 2886">
    <p class='ocr_par' dir='ltr' id='par_1_7' title="bbox 377 2799 1711 2886">
     <span class='ocr_line' id='line_1_20' title="bbox 377 2799 1711 2886; baseline 0.002 -21"><span class='ocrx_word' id='word_1_183' title='bbox 377 2809 424 2885; x_wconf 85' lang='grc' dir='ltr'><em>τῷ</em></span> <span class='ocrx_word' id='word_1_184' title='bbox 456 2799 652 2884; x_wconf 81' lang='grc' dir='ltr'><em>πλησιάζειν</em></span> <span class='ocrx_word' id='word_1_185' title='bbox 675 2800 825 2885; x_wconf 83' lang='grc' dir='ltr'><em>ἀλλήλοις</em></span> <span class='ocrx_word' id='word_1_186' title='bbox 858 2799 1023 2884; x_wconf 84' lang='grc' dir='ltr'><em>ἀγαθόν</em></span> <span class='ocrx_word' id='word_1_187' title='bbox 1006 2823 1086 2874; x_wconf 89' lang='grc' dir='ltr'><em>εστι,</em></span> <span class='ocrx_word' id='word_1_188' title='bbox 1121 2824 1176 2863; x_wconf 91' lang='grc' dir='ltr'><em>και</em></span> <span class='ocrx_word' id='word_1_189' title='bbox 1170 2799 1317 2866; x_wconf 75' lang='grc' dir='ltr'><em>τοῦθ’</em></span> <span class='ocrx_word' id='word_1_190' title='bbox 1299 2825 1343 2864; x_wconf 90' lang='grc' dir='ltr'><em>νπ</em></span> <span class='ocrx_word' id='word_1_191' title='bbox 1370 2802 1711 2886; x_wconf 79' lang='grc' dir='ltr'><em>αύτηςπεριειληγθαι</em></span> 
     </span>
    </p>
   </div>
   <div class='ocr_carea' id='block_1_8' title="bbox 144 2884 1711 3014">
    <p class='ocr_par' dir='ltr' id='par_1_8' title="bbox 144 2884 1711 3014">
     <span class='ocr_line' id='line_1_21' title="bbox 144 2884 1711 3014; baseline 0.001 -22"><span class='ocrx_word' id='word_1_192' title='bbox 144 3007 145 3014; x_wconf 12' lang='lat'>¹</span> <span class='ocrx_word' id='word_1_193' title='bbox 256 2884 271 2924; x_wconf 12' lang='grc' dir='ltr'><em>λ’</em></span> <span class='ocrx_word' id='word_1_194' title='bbox 378 2925 551 2992; x_wconf 84' lang='lat' dir='ltr'>etsimllla</span> <span class='ocrx_word' id='word_1_195' title='bbox 575 2932 752 3010; x_wconf 86' lang='lat' dir='ltr'>praecepta</span> <span class='ocrx_word' id='word_1_196' title='bbox 777 2914 949 2991; x_wconf 61' lang='lat' dir='ltr'>&#39;rhetorica</span> <span class='ocrx_word' id='word_1_197' title='bbox 981 2932 1109 2991; x_wconf 87' lang='lat' dir='ltr'>exstent</span> <span class='ocrx_word' id='word_1_198' title='bbox 1139 2924 1227 3008; x_wconf 86' lang='lat' dir='ltr'>apud</span> <span class='ocrx_word' id='word_1_199' title='bbox 1261 2923 1514 3009; x_wconf 87' lang='lat' dir='ltr'>Dionysium</span> <span class='ocrx_word' id='word_1_200' title='bbox 1542 2926 1624 2993; x_wconf 88' lang='lat' dir='ltr'>llal.</span> <span class='ocrx_word' id='word_1_201' title='bbox 1651 2934 1711 2994; x_wconf 88' lang='lat' dir='ltr'>art.</span> 
     </span>
    </p>
   </div>
   <div class='ocr_carea' id='block_1_9' title="bbox 293 3050 1714 4009">
    <p class='ocr_par' dir='ltr' id='par_1_9' title="bbox 379 3050 1713 3135">
     <span class='ocr_line' id='line_1_22' title="bbox 379 3050 1713 3135; baseline 0.001 -19"><span class='ocrx_word' id='word_1_202' title='bbox 379 3051 458 3117; x_wconf 71' lang='lat' dir='ltr'>rhet.</span> <span class='ocrx_word' id='word_1_203' title='bbox 484 3053 513 3128; x_wconf 85' lang='lat'><em>5,</em></span> <span class='ocrx_word' id='word_1_204' title='bbox 538 3053 574 3117; x_wconf 88' lang='lat'><em>5:</em></span> <span class='ocrx_word' id='word_1_205' title='bbox 608 3050 663 3114; x_wconf 86' lang='grc' dir='ltr'><em>καὶ</em></span> <span class='ocrx_word' id='word_1_206' title='bbox 687 3051 834 3118; x_wconf 82' lang='grc' dir='ltr'><em>ἐντεῦθεν</em></span> <span class='ocrx_word' id='word_1_207' title='bbox 867 3052 1037 3127; x_wconf 84' lang='grc' dir='ltr'><em>όέπαινος</em></span> <span class='ocrx_word' id='word_1_208' title='bbox 1070 3053 1091 3115; x_wconf 85' lang='grc' dir='ltr'>ὁ</span> <span class='ocrx_word' id='word_1_209' title='bbox 1119 3051 1191 3134; x_wconf 82' lang='grc' dir='ltr'><em>περὶ</em></span> <span class='ocrx_word' id='word_1_210' title='bbox 1214 3061 1272 3135; x_wconf 83' lang='grc' dir='ltr'><em>τῆς</em></span> <span class='ocrx_word' id='word_1_211' title='bbox 1295 3053 1421 3127; x_wconf 86' lang='grc' dir='ltr'><em>πόλεως</em></span> <span class='ocrx_word' id='word_1_212' title='bbox 1521 3050 1594 3134; x_wconf 84' lang='grc' dir='ltr'><em>περὶ</em></span> <span class='ocrx_word' id='word_1_213' title='bbox 1617 3054 1713 3118; x_wconf 83' lang='grc' dir='ltr'><em>δονά-</em></span> 
     </span>
    </p>

    <p class='ocr_par' dir='ltr' id='par_1_10' title="bbox 293 3157 1714 4009">
     <span class='ocr_line' id='line_1_23' title="bbox 377 3167 1713 3262; baseline 0.001 -24"><span class='ocrx_word' id='word_1_214' title='bbox 377 3167 465 3259; x_wconf 85' lang='grc' dir='ltr'><em>μεως</em></span> <span class='ocrx_word' id='word_1_215' title='bbox 497 3183 554 3258; x_wconf 84' lang='grc' dir='ltr'><em>τῆς</em></span> <span class='ocrx_word' id='word_1_216' title='bbox 587 3176 620 3238; x_wconf 85' lang='grc' dir='ltr'><em>ἐν</em></span> <span class='ocrx_word' id='word_1_217' title='bbox 653 3186 722 3251; x_wconf 87' lang='grc' dir='ltr'><em>ταῖς</em></span> <span class='ocrx_word' id='word_1_218' title='bbox 753 3176 1001 3259; x_wconf 89' lang='grc' dir='ltr'><em>προσόδοις</em></span> <span class='ocrx_word' id='word_1_219' title='bbox 1027 3175 1099 3259; x_wconf 83' lang='grc' dir='ltr'><em>περὶ</em></span> <span class='ocrx_word' id='word_1_220' title='bbox 1131 3177 1240 3260; x_wconf 86' lang='grc' dir='ltr'><em>χώρας</em></span> <span class='ocrx_word' id='word_1_221' title='bbox 1272 3184 1330 3260; x_wconf 85' lang='grc' dir='ltr'><em>τῆς</em></span> <span class='ocrx_word' id='word_1_222' title='bbox 1362 3179 1547 3253; x_wconf 81' lang='grc' dir='ltr'><em>ὑποτελοῦς,</em></span> <span class='ocrx_word' id='word_1_223' title='bbox 1582 3177 1637 3260; x_wconf 81' lang='grc' dir='ltr'><em>ἀφ’</em></span> <span class='ocrx_word' id='word_1_224' title='bbox 1671 3179 1713 3262; x_wconf 80' lang='grc' dir='ltr'><em>ἧς</em></span> 
     </span>
     <span class='ocr_line' id='line_1_24' title="bbox 324 3274 1712 3391; baseline 0.004 -27"><span class='ocrx_word' id='word_1_225' title='bbox 324 3274 326 3278; x_wconf 18' lang='lat'>³</span> <span class='ocrx_word' id='word_1_226' title='bbox 378 3326 398 3391; x_wconf 92' lang='grc' dir='ltr'><em>η</em></span> <span class='ocrx_word' id='word_1_227' title='bbox 422 3301 592 3382; x_wconf 87' lang='grc' dir='ltr'><em>πρόσοδος·</em></span> <span class='ocrx_word' id='word_1_228' title='bbox 619 3302 701 3367; x_wconf 93' lang='grc' dir='ltr'><strong>εΙ...</strong></span> <span class='ocrx_word' id='word_1_229' title='bbox 725 3301 828 3386; x_wconf 84' lang='grc' dir='ltr'><em>πολλη</em></span> <span class='ocrx_word' id='word_1_230' title='bbox 854 3303 915 3384; x_wconf 88' lang='grc' dir='ltr'><strong>εΙη,</strong></span> <span class='ocrx_word' id='word_1_231' title='bbox 943 3302 987 3376; x_wconf 86' lang='grc' dir='ltr'><em>εἰς</em></span> <span class='ocrx_word' id='word_1_232' title='bbox 1007 3302 1097 3384; x_wconf 84' lang='grc' dir='ltr'><em>ἰσχύν</em></span> <span class='ocrx_word' id='word_1_233' title='bbox 1120 3308 1178 3385; x_wconf 81' lang='grc' dir='ltr'><em>τῆς</em></span> <span class='ocrx_word' id='word_1_234' title='bbox 1196 3301 1323 3378; x_wconf 82' lang='grc' dir='ltr'><em>πόλεως</em></span> <span class='ocrx_word' id='word_1_235' title='bbox 1347 3301 1545 3386; x_wconf 81' lang='grc' dir='ltr'><em>ἀναφέροντα</em></span> <span class='ocrx_word' id='word_1_236' title='bbox 1565 3309 1597 3369; x_wconf 77' lang='lat' dir='ltr'><em>el</em></span> <span class='ocrx_word' id='word_1_237' title='bbox 1619 3304 1712 3386; x_wconf 83' lang='lat' dir='ltr'>apud</span> 
     </span>
     <span class='ocr_line' id='line_1_25' title="bbox 379 3424 1713 3510; baseline 0 -18"><span class='ocrx_word' id='word_1_238' title='bbox 379 3424 670 3492; x_wconf 81' lang='lat' dir='ltr'>Menandrum</span> <span class='ocrx_word' id='word_1_239' title='bbox 696 3424 730 3491; x_wconf 91' lang='grc' dir='ltr'><em>ΙΙΙ</em></span> <span class='ocrx_word' id='word_1_240' title='bbox 746 3427 819 3502; x_wconf 77' lang='lat'><strong>377,</strong></span> <span class='ocrx_word' id='word_1_241' title='bbox 843 3428 904 3491; x_wconf 90' lang='lat'><em>22:</em></span> <span class='ocrx_word' id='word_1_242' title='bbox 929 3425 1100 3510; x_wconf 73' lang='grc' dir='ltr'><em>θαλάσσης</em></span> <span class='ocrx_word' id='word_1_243' title='bbox 1119 3426 1219 3509; x_wconf 78' lang='grc' dir='ltr'><em>φοραὶ</em></span> <span class='ocrx_word' id='word_1_244' title='bbox 1247 3426 1302 3491; x_wconf 90' lang='grc' dir='ltr'><em>καΙ</em></span> <span class='ocrx_word' id='word_1_245' title='bbox 1325 3437 1458 3510; x_wconf 85' lang='grc' dir='ltr'><em>καρπῶν</em></span> <span class='ocrx_word' id='word_1_246' title='bbox 1482 3427 1625 3510; x_wconf 77' lang='grc' dir='ltr'><em>εύφορίαι</em></span> <span class='ocrx_word' id='word_1_247' title='bbox 1657 3429 1713 3492; x_wconf 90' lang='grc' dir='ltr'><em>διὰ</em></span> 
     </span>
     <span class='ocr_line' id='line_1_26' title="bbox 372 3551 1714 3643; baseline 0 -29"><span class='ocrx_word' id='word_1_248' title='bbox 372 3552 519 3635; x_wconf 61' lang='grc' dir='ltr'><em>τηνττού</em></span> <span class='ocrx_word' id='word_1_249' title='bbox 539 3551 700 3643; x_wconf 75' lang='grc' dir='ltr'><em>βασιλέως</em></span> <span class='ocrx_word' id='word_1_250' title='bbox 723 3551 928 3633; x_wconf 87' lang='grc' dir='ltr'><em>δικαιοσύνην</em></span> <span class='ocrx_word' id='word_1_251' title='bbox 950 3553 1026 3634; x_wconf 83' lang='grc' dir='ltr'><em>ἡμῖν</em></span> <span class='ocrx_word' id='word_1_252' title='bbox 1057 3553 1261 3635; x_wconf 84' lang='grc' dir='ltr'><em>εύτοχούνται</em></span> <span class='ocrx_word' id='word_1_253' title='bbox 1369 3554 1442 3629; x_wconf 80' lang='lat'>384,</span> <span class='ocrx_word' id='word_1_254' title='bbox 1471 3554 1536 3635; x_wconf 76' lang='grc' dir='ltr'><em>Ι5;Ι</em></span> <span class='ocrx_word' id='word_1_255' title='bbox 1560 3552 1714 3635; x_wconf 84' lang='grc' dir='ltr'><em>τδνπερΙ</em></span> 
     </span>
     <span class='ocr_line' id='line_1_27' title="bbox 379 3663 1714 3762; baseline 0 -20"><span class='ocrx_word' id='word_1_256' title='bbox 379 3683 437 3759; x_wconf 85' lang='grc' dir='ltr'><em>τῆς</em></span> <span class='ocrx_word' id='word_1_257' title='bbox 461 3675 642 3762; x_wconf 74' lang='grc' dir='ltr'><em>ἀνατροφῆς</em></span> <span class='ocrx_word' id='word_1_258' title='bbox 667 3677 684 3760; x_wconf 85' lang='grc'><strong><em>(</em></strong></span> <span class='ocrx_word' id='word_1_259' title='bbox 687 3676 783 3759; x_wconf 91' lang='grc' dir='ltr'><em>λόγον</em></span> <span class='ocrx_word' id='word_1_260' title='bbox 786 3677 803 3759; x_wconf 94' lang='lat'><em>)</em></span> <span class='ocrx_word' id='word_1_261' title='bbox 829 3663 942 3759; x_wconf 82' lang='grc' dir='ltr'><em>θήσεις</em></span> <span class='ocrx_word' id='word_1_262' title='bbox 1043 3675 1210 3740; x_wconf 82' lang='grc' dir='ltr'><em>ἐπαίνεσον</em></span> <span class='ocrx_word' id='word_1_263' title='bbox 1242 3678 1282 3742; x_wconf 87' lang='grc' dir='ltr'><em>τὰ</em></span> <span class='ocrx_word' id='word_1_264' title='bbox 1306 3673 1412 3760; x_wconf 43' lang='grc' dir='ltr'><em>έθηζ.</em></span> <span class='ocrx_word' id='word_1_265' title='bbox 1427 3727 1454 3740; x_wconf 87' lang='grc'><strong>..</strong></span> <span class='ocrx_word' id='word_1_266' title='bbox 1481 3680 1554 3756; x_wconf 80' lang='grc'>386,</span> <span class='ocrx_word' id='word_1_267' title='bbox 1578 3680 1637 3744; x_wconf 86' lang='lat'><em>24:</em></span> <span class='ocrx_word' id='word_1_268' title='bbox 1670 3679 1714 3743; x_wconf 88' lang='grc' dir='ltr'><em>τὰ</em></span> 
     </span>
     <span class='ocr_line' id='line_1_28' title="bbox 381 3801 1714 3887; baseline 0.004 -23"><span class='ocrx_word' id='word_1_269' title='bbox 381 3801 418 3865; x_wconf 80' lang='grc' dir='ltr'><em>ἐκ</em></span> <span class='ocrx_word' id='word_1_270' title='bbox 452 3808 511 3884; x_wconf 86' lang='grc' dir='ltr'><em>τῆς</em></span> <span class='ocrx_word' id='word_1_271' title='bbox 546 3801 711 3884; x_wconf 81' lang='grc' dir='ltr'><em>θαλάττης</em></span> <span class='ocrx_word' id='word_1_272' title='bbox 749 3801 985 3885; x_wconf 83' lang='grc' dir='ltr'><em>ἐπεισαγόμενα</em></span> <span class='ocrx_word' id='word_1_273' title='bbox 1023 3801 1133 3885; x_wconf 81' lang='grc' dir='ltr'><em>ἀγαθά</em></span> <span class='ocrx_word' id='word_1_274' title='bbox 1168 3803 1215 3885; x_wconf 88' lang='lat' dir='ltr'><em>(in</em></span> <span class='ocrx_word' id='word_1_275' title='bbox 1251 3803 1579 3868; x_wconf 85' lang='lat' dir='ltr'>urbiumencomlls</span> <span class='ocrx_word' id='word_1_276' title='bbox 1617 3821 1714 3887; x_wconf 88' lang='lat' dir='ltr'>prae-</span> 
     </span>
     <span class='ocr_line' id='line_1_29' title="bbox 293 3898 1295 4009; baseline -0.005 -17"><span class='ocrx_word' id='word_1_277' title='bbox 293 3975 294 3980; x_wconf 65' lang='lat'>,</span> <span class='ocrx_word' id='word_1_278' title='bbox 380 3924 521 3992; x_wconf 86' lang='lat' dir='ltr'>dicanda</span> <span class='ocrx_word' id='word_1_279' title='bbox 549 3926 648 4009; x_wconf 87' lang='lat' dir='ltr'>sunt).</span> <span class='ocrx_word' id='word_1_280' title='bbox 1293 3898 1295 3901; x_wconf 41' lang='grc'>’</span> 
     </span>
    </p>
   </div>
   <div class='ocr_carea' id='block_1_10' title="bbox 382 4104 1717 4570">
    <p class='ocr_par' dir='ltr' id='par_1_11' title="bbox 382 4104 1717 4568">
     <span class='ocr_line' id='line_1_30' title="bbox 434 4104 1713 4190; baseline 0.003 -20"><span class='ocrx_word' id='word_1_281' title='bbox 434 4105 437 4110; x_wconf 86' lang='grc'>’</span> <span class='ocrx_word' id='word_1_282' title='bbox 473 4104 586 4172; x_wconf 80' lang='lat' dir='ltr'>llunc</span> <span class='ocrx_word' id='word_1_283' title='bbox 602 4106 697 4188; x_wconf 80' lang='lat' dir='ltr'>igitur</span> <span class='ocrx_word' id='word_1_284' title='bbox 713 4107 904 4190; x_wconf 37' lang='lat' dir='ltr'>panegyricis</span> <span class='ocrx_word' id='word_1_285' title='bbox 917 4106 1039 4184; x_wconf 88' lang='lat' dir='ltr'>locum,</span> <span class='ocrx_word' id='word_1_286' title='bbox 1059 4124 1159 4190; x_wconf 88' lang='lat' dir='ltr'>quern</span> <span class='ocrx_word' id='word_1_287' title='bbox 1185 4105 1377 4172; x_wconf 83' lang='lat' dir='ltr'>laudatores</span> <span class='ocrx_word' id='word_1_288' title='bbox 1395 4106 1505 4172; x_wconf 89' lang='lat' dir='ltr'>multis</span> <span class='ocrx_word' id='word_1_289' title='bbox 1529 4107 1638 4172; x_wconf 87' lang='lat' dir='ltr'>verbls</span> <span class='ocrx_word' id='word_1_290' title='bbox 1662 4110 1713 4175; x_wconf 92' lang='lat' dir='ltr'><em>vel</em></span> 
     </span>
     <span class='ocr_line' id='line_1_31' title="bbox 382 4229 1715 4314; baseline 0 -17"><span class='ocrx_word' id='word_1_291' title='bbox 382 4231 533 4297; x_wconf 84' lang='lat' dir='ltr'>versibus</span> <span class='ocrx_word' id='word_1_292' title='bbox 547 4237 687 4297; x_wconf 84' lang='lat' dir='ltr'>tractare</span> <span class='ocrx_word' id='word_1_293' title='bbox 702 4231 820 4309; x_wconf 83' lang='lat' dir='ltr'>solent,</span> <span class='ocrx_word' id='word_1_294' title='bbox 836 4249 934 4298; x_wconf 85' lang='lat' dir='ltr'>suum</span> <span class='ocrx_word' id='word_1_295' title='bbox 952 4233 992 4297; x_wconf 89' lang='lat' dir='ltr'><em>in</em></span> <span class='ocrx_word' id='word_1_296' title='bbox 1001 4250 1097 4299; x_wconf 87' lang='lat' dir='ltr'>usum</span> <span class='ocrx_word' id='word_1_297' title='bbox 1115 4248 1240 4298; x_wconf 85' lang='lat' dir='ltr'>conver</span> <span class='ocrx_word' id='word_1_298' title='bbox 1242 4231 1276 4296; x_wconf 85' lang='lat' dir='ltr'><em>til</em></span> <span class='ocrx_word' id='word_1_299' title='bbox 1242 4229 1500 4297; x_wconf 85' lang='lat' dir='ltr'>Atristldes</span> <span class='ocrx_word' id='word_1_300' title='bbox 1519 4233 1573 4297; x_wconf 88' lang='lat' dir='ltr'><em>ll:</em></span> <span class='ocrx_word' id='word_1_301' title='bbox 1599 4233 1715 4314; x_wconf 82' lang='grc' dir='ltr'><em>ἄγεται</em></span> 
     </span>
     <span class='ocr_line' id='line_1_32' title="bbox 382 4354 1717 4464; baseline -0.001 -42"><span class='ocrx_word' id='word_1_302' title='bbox 382 4357 456 4423; x_wconf 84' lang='grc' dir='ltr'><em>δε’</em></span> <span class='ocrx_word' id='word_1_303' title='bbox 441 4381 477 4420; x_wconf 88' lang='grc' dir='ltr'><em>εκ</em></span> <span class='ocrx_word' id='word_1_304' title='bbox 501 4358 608 4440; x_wconf 82' lang='grc' dir='ltr'><em>πάσης</em></span> <span class='ocrx_word' id='word_1_305' title='bbox 630 4365 690 4464; x_wconf 83' lang='grc' dir='ltr'><em>γῆς</em></span> <span class='ocrx_word' id='word_1_306' title='bbox 722 4356 777 4420; x_wconf 90' lang='grc' dir='ltr'><em>καΙ</em></span> <span class='ocrx_word' id='word_1_307' title='bbox 800 4357 967 4441; x_wconf 86' lang='grc' dir='ltr'><em>θαλάττης</em></span> <span class='ocrx_word' id='word_1_308' title='bbox 1001 4355 1073 4421; x_wconf 83' lang='grc' dir='ltr'><em>ὅσα</em></span> <span class='ocrx_word' id='word_1_309' title='bbox 1087 4357 1167 4439; x_wconf 86' lang='grc' dir='ltr'><em>ὧραι</em></span> <span class='ocrx_word' id='word_1_310' title='bbox 1191 4356 1323 4438; x_wconf 83' lang='grc' dir='ltr'><em>φύουσιν</em></span> <span class='ocrx_word' id='word_1_311' title='bbox 1355 4354 1442 4420; x_wconf 90' lang='grc' dir='ltr'><strong>καΙ.</strong></span> <span class='ocrx_word' id='word_1_312' title='bbox 1457 4354 1626 4438; x_wconf 88' lang='grc' dir='ltr'><em>.λ.ίμναι</em></span> <span class='ocrx_word' id='word_1_313' title='bbox 1659 4357 1717 4421; x_wconf 83' lang='grc' dir='ltr'><em>καὶ</em></span> 
     </span>
     <span class='ocr_line' id='line_1_33' title="bbox 382 4459 1716 4570; baseline -0.001 -24"><span class='ocrx_word' id='word_1_314' title='bbox 382 4474 490 4570; x_wconf 82' lang='grc' dir='ltr'><em>τέχναι</em></span> <span class='ocrx_word' id='word_1_315' title='bbox 515 4459 753 4566; x_wconf 75' lang='grc' dir='ltr'><em>Ελληνοινι</em></span> <span class='ocrx_word' id='word_1_316' title='bbox 698 4507 753 4547; x_wconf 90' lang='grc' dir='ltr'><em>και</em></span> <span class='ocrx_word' id='word_1_317' title='bbox 747 4482 958 4566; x_wconf 81' lang='grc' dir='ltr'><em>βαρβάρων</em></span> <span class='ocrx_word' id='word_1_318' title='bbox 994 4485 1080 4546; x_wconf 87' lang='grc' dir='ltr'><em>ὥστε</em></span> <span class='ocrx_word' id='word_1_319' title='bbox 1113 4483 1186 4545; x_wconf 85' lang='grc' dir='ltr'><em>εἴτ</em></span> <span class='ocrx_word' id='word_1_320' title='bbox 1190 4507 1216 4556; x_wconf 84' lang='grc' dir='ltr'><em>ις</em></span> <span class='ocrx_word' id='word_1_321' title='bbox 1244 4488 1346 4545; x_wconf 80' lang='grc' dir='ltr'><em>ταῦτα</em></span> <span class='ocrx_word' id='word_1_322' title='bbox 1368 4482 1473 4545; x_wconf 88' lang='grc' dir='ltr'><em>πάντα</em></span> <span class='ocrx_word' id='word_1_323' title='bbox 1496 4479 1615 4544; x_wconf 81' lang='grc' dir='ltr'><em>ἐπιδεῖν</em></span> <span class='ocrx_word' id='word_1_324' title='bbox 1639 4482 1716 4564; x_wconf 87' lang='grc' dir='ltr'><em>βού-</em></span> 
     </span>
    </p>
   </div>
   <div class='ocr_carea' id='block_1_11' title="bbox 383 4606 1716 4698">
    <p class='ocr_par' dir='ltr' id='par_1_12' title="bbox 383 4606 1716 4698">
     <span class='ocr_line' id='line_1_34' title="bbox 383 4606 1716 4698; baseline -0.002 -24"><span class='ocrx_word' id='word_1_325' title='bbox 383 4611 482 4686; x_wconf 89' lang='grc' dir='ltr'><em>λοιτο,</em></span> <span class='ocrx_word' id='word_1_326' title='bbox 517 4610 567 4674; x_wconf 83' lang='grc' dir='ltr'><em>δεῖ</em></span> <span class='ocrx_word' id='word_1_327' title='bbox 589 4608 684 4672; x_wconf 79' lang='grc' dir='ltr'><em>αὐτόν</em></span> <span class='ocrx_word' id='word_1_328' title='bbox 715 4612 735 4694; x_wconf 82' lang='grc' dir='ltr'><em>ἢ</em></span> <span class='ocrx_word' id='word_1_329' title='bbox 760 4617 867 4673; x_wconf 89' lang='grc' dir='ltr'><em>πᾶσαν</em></span> <span class='ocrx_word' id='word_1_330' title='bbox 895 4607 1074 4672; x_wconf 83' lang='grc' dir='ltr'><em>ἐπελθόντα</em></span> <span class='ocrx_word' id='word_1_331' title='bbox 1106 4609 1163 4692; x_wconf 80' lang='grc' dir='ltr'><em>τὴν</em></span> <span class='ocrx_word' id='word_1_332' title='bbox 1188 4608 1376 4698; x_wconf 80' lang='grc' dir='ltr'><em>οἰκουμένην</em></span> <span class='ocrx_word' id='word_1_333' title='bbox 1409 4608 1494 4670; x_wconf 84' lang='grc' dir='ltr'><em>οὕτω</em></span> <span class='ocrx_word' id='word_1_334' title='bbox 1526 4606 1716 4681; x_wconf 86' lang='grc' dir='ltr'><em>θεάσασθαι</em></span> 
     </span>
    </p>
   </div>
   <div class='ocr_carea' id='block_1_12' title="bbox 0 0 1847 5508">
    <p class='ocr_par' dir='ltr' id='par_1_13' title="bbox 0 0 1847 5508">
     <span class='ocr_line' id='line_1_35' title="bbox 0 0 1847 5508; baseline 0 0"><span class='ocrx_word' id='word_1_335' title='bbox 0 0 1847 5508; x_wconf 95' lang='lat' dir='ltr'><em> </em></span> 
     </span>
    </p>
   </div>
  </div>
 </body>
</html>
