3682 5520
347 317 388 390 62

340 535 482 603 dorus
507 537 539 603 in
565 534 662 625 laude
687 535 913 620 amplitudinis
948 532 1141 603 cloacarum
1166 553 1233 605 var.
1259 531 1369 615 11130,
1397 540 1430 604 l:
1465 533 1676 621 „splendidas

341 632 515 730 Romanae
552 661 688 728 cloacas
726 661 872 739 civitatis
919 679 1005 745 quae
1052 667 1233 761 tantum·
1265 651 1530 730 visentibu's
1567 681 1675 731 corr-

339 785 475 852 ferunt
497 793 724 869 stuporem,
749 793 784 851 rrt
807 786 946 852 aliarum
972 787 1138 853 civitatum
1165 787 1297 870 possint
1313 788 1471 854 miracula
1489 795 1675 871 superare.“

446 910 515 978 Nec
555 911 704 978 dissimili
741 919 810 978 arte
849 913 948 977 utitur
986 910 1269 995 Calpurnius
1303 911 1360 978 ecl.
1395 915 1424 989 7,
1451 915 1494 979 3ό
1526 907 1674 997 sq.,'ubi

303 1020 619 1120 -amphitheatrum
654 1035 808 1103 describit
841 1036 892 1102 his
925 1037 1048 1104 verbis:

872 1163 937 1240 „sic
962 1162 1107 1247 undique
1131 1161 1242 1248 fulgor

553 1288 724 1371 percussit.
746 1262 876 1360 stabam
902 1275 1085 1356 defixus
1109 1296 1140 1354 et
1164 1305 1223 1356 ore
1249 1289 1371 1373 patenti

552 1419 737 1497 cunctaque
762 1412 935 1498 mirabar.“

338 1536 501 1604 Conferre
543 1537 686 1620 denique
729 1538 803 1604 licet
839 1538 1046 1604 Ammiani
1084 1538 1266 1606 Marcell.
1310 1538 1567 1605 admirationem
1609 1538 1673 1606 fori

337 1660 478 1739 Traiani,
513 1662 565 1729 lib.
591 1661 663 1728 XVl
692 1664 739 1740 10,
767 1665 820 1730 15:
855 1679 988 1740 „verum
1022 1681 1098 1729 cum
1134 1662 1175 1729 ad
1208 1661 1340 1730 Traiani
1374 1663 1487 1730 forum
1522 1664 1675 1743 venisset,

338 1787 541 1870 singularem
562 1787 627 1854 sub
646 1787 740 1854 omni
760 1787 857 1854 caelo
877 1793 1086 1866 structuram,
1112 1796 1147 1854 ut
1166 1789 1357 1872 opinamur,
1377 1789 1475 1854 etiam
1498 1788 1673 1854 numinum

339 1910 542 1979 adsensione
590 1913 784 1990 mirabilem,
836 1913 1058 1980 haerebat
1104 1912 1346 1981 adtonitus
1394 1931 1453 1996 per
1499 1913 1675 1996 giganteos

338 2042 513 2102 contextus
552 2009 897 2104 circumferens
925 2044 1136 2114 mentem,
1175 2055 1237 2104 nec
1274 2038 1377 2104 relatu
1417 2023 1575 2114 etiab'iles
1613 2015 1676 2103 nec

338 2179 453 2229 rursus
509 2161 707 2232 mortalibus
753 2161 971 2245 adpetendos,
1025 2170 1057 2228 et
1108 2162 1197 2228 hunc
1243 2167 1377 2234 versum
1426 2161 1675 2261 Claudiani

336 2287 458 2354 stilich.
479 2286 518 2353 nr
542 2289 600 2354 ao:
852 2371 855 2380 Ι
941 2256 944 2268 ’
1460 2262 1503 2371 ᾗ

122 2501 124 2504 ¹
549 2410 740 2505 „Quantum
767 2412 942 2496 profueris,
966 2420 1124 2496 quantam
1150 2414 1334 2480 servaveris
1360 2413 1484 2500 urbem,

177 2549 282 2592 notarie
550 2538 769 2604 attonitis
794 2535 909 2604 metire
934 2539 1112 2604 oculis“
1377 2515 1379 2520 ¹

163 2620 293 2734 Ἣω
443 2659 560 2747 Neque
584 2680 676 2729 vero.
691 2663 756 2728 hoc
780 2669 907 2728 tantum
935 2643 1042 2728 modo
1067 2669 1223 2729 auctores
1249 2661 1390 2731 Romam
1422 2662 1560 2745 eiusque
1585 2661 1674 2728 aedi-

153 2763 299 2806 ⁸⁶⁶¹¹¹⁶³⁰¹¹¹¹¹¹
335 2786 410 2852 ficia
435 2793 688 2864 exornaverunt,
721 2805 835 2854 verum
861 2788 960 2853 etiam
986 2767 1089 2870 saepe
1114 2787 1230 2854 laudes
1253 2787 1417 2865 fororum,
1442 2775 1672 2854 aedificiorum
1713 2800 1714 2811 ¹

163 2915 300 2958 celim·
337 2911 558 2996 publicorum,
581 2911 798 2988 theatrorum,
822 2911 1027 2995 templorum
1053 2918 1210 2980 constant
1233 2930 1274 2978 ex
1289 2912 1601 2978 enumerationibus
1621 2913 1672 2976 vel

156 2997 307 3100 affluo
335 3036 475 3120 simplici
509 3036 621 3103 forma
652 3036 780 3120 figurae
805 3037 1000 3115 rhetoricae,
1033 3055 1120 3120 quae
1154 3044 1204 3103 est
1236 3039 1469 3122 ἀπαρίθμησις,
1504 3037 1673 3120 expressis

335 3161 385 3228 vel
411 3161 581 3229 nonnullis
605 3161 836 3228 admirationis
861 3162 977 3238 verbis,
1002 3162 1123 3257 quibus
1147 3162 1334 3245 amplitudo
1359 3169 1389 3228 et
1413 3161 1542 3244 species
1558 3161 1673 3244 operis

264 3317 266 3320 ·
335 3258 516 3370 generatim
542 3291 641 3369 atque
662 3287 814 3352 universe
835 3286 1017 3363 laudantur,
1043 3288 1170 3352 ornatis
1195 3260 1293 3370 atque
1309 3285 1567 3371 amplificatis¹);
1594 3302 1672 3352 raro

335 3419 445 3478 autem
479 3417 512 3477 et
540 3411 629 3494 apud
653 3412 835 3494 scriptores
869 3411 1077 3494 posteriores
1110 3420 1283 3478 accuratas
1316 3385 1544 3477 aedificiorum
1580 3411 1672 3476 urbis

321 3525 577 3620 descriptiones
602 3537 798 3603 invenimus.
836 3537 941 3619 Atque
967 3536 1049 3603 tales
1065 3535 1193 3606 Romae
1210 3537 1439 3604 aedificiorum
1460 3534 1672 3604 laudationes

334 3660 554 3727 exhibuerunt
579 3660 610 3727 hi
635 3667 807 3728 auctores:
1336 3733 1351 3756 ,
1453 3645 1456 3650 ’

441 3777 654 3876 Ovidius,
678 3785 733 3868 qui
756 3793 857 3867 poeta
877 3787 909 3852 in
930 3786 1056 3867 inculto
1073 3784 1184 3854 Ponto
1200 3787 1365 3854 desiderio
1387 3790 1511 3872 patriae
1531 3787 1672 3854 affectus

333 3912 549 3990 celeberrima
573 3912 665 3978 urbis
689 3928 795 3994 opera
820 3913 914 3993 quasi
937 3912 1129 3995 'praesentia
1153 3912 1231 3979 vidit
1254 3913 1310 3996 (ex
1330 3912 1426 3979 Pont.
1447 3912 1456 3978 l
1476 3916 1504 3990 8,
1525 3914 1566 3980 33
1586 3911 1670 3996 sq.):

443 4037 555 4120 „Aque
579 4035 688 4104 domo
713 4053 828 4102 rursus
853 4035 1013 4118 pulchrae
1039 4037 1115 4103 loca
1139 4043 1251 4103 vertor
1275 4036 1316 4103 ad
1342 4036 1448 4114 Urbis

439 4223 461 4288 1)
497 4227 556 4294 lpse
580 4226 701 4290 Statius,
723 4238 900 4293 quamquam
921 4226 949 4277 in
970 4223 1145 4278 carminibus
1165 4225 1233 4292 suis,
1264 4227 1368 4294 quibus
1389 4226 1496 4294 primus
1518 4227 1670 4292 poetarum

336 4314 530 4374 Romanorum
551 4315 771 4382 descriptionem
791 4316 957 4368 accuratam
977 4315 1015 4368 rei
1036 4315 1155 4369 alicuius
1175 4315 1283 4383 profert
1304 4315 1353 4383 (ci.
1369 4316 1413 4368 Fr.
1429 4315 1512 4368 Leo:
1534 4314 1575 4366 De
1594 4315 1669 4368 Stati

331 4405 421 4470 silvis,
450 4405 509 4458 ind.
541 4404 605 4458 lect.
637 4404 718 4458 Gott.
747 4418 817 4459 sem.
844 4404 1056 4473 hib.'1892l93,
1094 4419 1121 4473 p.
1151 4400 1189 4472 6),
1223 4405 1319 4458 omnia
1350 4418 1437 4472 quam
1466 4403 1670 4457 dilucidissime

331 4494 490 4549 describere
504 4495 614 4560 studet,
633 4495 706 4546 hanc
722 4495 864 4547 rationem
881 4495 1065 4547 enumerandi
1081 4507 1164 4562 saepe
1181 4495 1273 4547 vitare
1294 4506 1350 4546 non
1370 4495 1476 4560 potest,
1496 4492 1533 4547 ci.
1556 4494 1672 4547 Voll-

332 4596 478 4637 merum
503 4584 539 4636 ad
559 4584 622 4637 silv.
644 4584 689 4637 13
713 4584 754 4652 (p.
779 4579 858 4645 263):
886 4574 982 4649 „Uber
1007 4585 1057 4637 das
1081 4585 1255 4637 rhetorische
1277 4583 1590 4651 Arriziihlungsschema
1615 4584 1670 4637 mit

330 4674 426 4728 seinen
445 4672 670 4742 schwerfallige'n
692 4672 914 4742 Verbindungen
936 4673 1048 4726 kommt
1068 4685 1096 4726 er
1116 4674 1196 4726 nicht
1215 4669 1349 4733 hinausff
1619 4665 1620 4670 ’
