3664 5512
1400 297 1461 380 743
1505 370 1509 380 ,
1545 373 1546 380 γ

132 517 206 583 rore
239 510 388 600 quidem)
421 502 632 583 rnemrst.
658 515 698 582 ur
724 515 819 583 ras:
854 515 908 581 ιιι
941 517 1050 598 rapui
1083 495 1139 600 ap
1172 515 1346 600 ειιιργοα
1379 516 1462 580 ιιι-

133 643 278 717 δέδοικας
292 691 310 732 j.
325 690 352 703 ..
375 639 442 705 Ικοιὶ
465 643 660 725 δημηγορεῖν
691 645 759 724 ἅμα
788 641 821 704 ἐν
845 651 911 717 τοῖς
933 642 1059 724 μακρὰν
1083 642 1306 724 διῳκισμένοις
1332 649 1487 725 ...emp

133 767 168 830 δὲ
192 757 313 831 ἔνεστιν
336 770 403 849 ἅμα
436 790 470 830 τε
495 768 552 850 τὴν
572 765 707 831 Ἰταλίαν
741 768 818 848 ὁρᾶν
849 764 904 830 καί
937 766 992 830 τόν
1022 766 1192 849 Βόσπορον
1225 765 1461 842 ἑπιπολεῖσδοιι,

134 890 189 954 καί
218 893 246 955 εἰ
275 890 451 974 βουληθείη
492 891 546 955 τὸν
584 892 725 955 ὠκεανόν
763 890 818 954 καὶ
850 891 905 954 τὸν
939 890 1080 975 Τίγρητα
1112 891 1285 973 ὑπολαβεῖν
1315 894 1383 974 ἅμα
1415 899 1462 976 τῷ

134 1018 254 1098 ὄμματι
277 1019 365 1100 ἔχειν.
385 1017 441 1090 τὰς
465 989 617 1100 ε’σχατιδς
631 1023 698 1100 τῆς
721 1023 791 1098 γῆς,
817 1015 908 1080 οὐδὲν
932 1015 1092 1098 κωλύειῑ).
1153 1091 1157 1099 ¹

240 1158 471 1226 Aristides
493 1166 602 1224 autem
629 1158 701 1225 aliis
725 1175 862 1241 quoque
887 1147 1057 1224 nonnullis
1081 1146 1225 1224 encomii
1258 1158 1345 1226 locis·
1372 1134 1463 1226 bona

135 1284 227 1366 pacis
260 1283 411 1349 celebrat.
458 1283 565 1366 Atque
598 1281 783 1350 secundum
824 1272 994 1349 rhetorum
1031 1290 1216 1367 praecepta,
1249 1299 1335 1366 quae
1367 1283 1464 1350 tradit
1538 1320 1540 1324 ν

134 1407 379 1475 Menander
410 1405 628 1485 ll1377‚12':
661 1407 794 1491 πλήρεις
816 1407 845 1472 δ’
872 1409 991 1490 ἑορτῶν
1024 1407 1080 1472 καί
1111 1407 1399 1491 πανηγύρεων
1431 1411 1483 1472 αἶ’

133 1530 275 1608 πόλεις
294 1533 345 1599 his
364 1534 472 1600 verbis
491 1501 668 1617 imperinm
691 1531 881 1600 Romanum
903 1532 1070 1617 praedicat
1089 1531 1253 1617 (97);.καὶ
1272 1533 1333 1618 γὰρ
1348 1535 1463 1618 ὥσπερ

133 1633 614 1741 πανηγυρίζουσαπᾶσα
636 1659 656 1742 η
682 1658 852 1741 οἰκουμένη
963 1661 1015 1724 99.
1042 1661 1128 1722 ὥστε
1152 1657 1219 1722 οἷον
1242 1666 1321 1742 πῦρ
1347 1659 1464 1740 ἱερὸν

135 1771 372 1866 καί-ἄσβεστον
396 1757 432 1848 ού
456 1784 611 1849 διαλείπει
636 1783 673 1847 τό
696 1783 1026 1866 πανηγυρίζειν,
1060 1781 1141 1848 ἀλλὰ
1171 1781 1324 1865 περίεισιν
1347 1782 1463 1846 ἄλλοτε

134 1909 180 1982 εἰς
203 1908 329 1984 ἄλλους,
355 1908 405 1971 ἀεὶ
427 1909 463 1973 δέ
487 1908 556 1974 ἐστι
578 1909 641 1973 πού
652 1910 689 1992 2).

244 2049 349 2118 Etiam
375 2051 449 2127 τὰς
473 2051 765 2150 εὐδαιμονίας
789 2061 870 2117 τῶν
894 2022 1065 2115 πόλεών
1089 2049 1394 2133 (Μθοᾶοδ.ΙΙλ3Π,
1412 2053 1464 2131 ll)

135 2173 222 2242 idem
253 2169 371 2244 orator
399 2175 511 2242 laudat
533 2177 623 2260 (97):
656 2177 937 2261 ηοίκουμένη..
937 2171 940 2178 ’
960 2177 1037 2252 ,εἰς’
1067 2177 1109 2240 δὲ
1132 2177 1255 2259 κόσμον
1282 2172 1338 2240 καὶ
1359 2175 1466 2250 πάσας

137 2302 334 2383 εὐφροσύνας
358 2303 530 2384 τέτραπται
554 2304 611 2367 σύν
631 2301 775 2385 ἐξουσίᾳ.
801 2300 888 2366 καὶ.
909 2301 1024 2384 ..μία
1047 2301 1081 2365 δὲ
1105 2303 1185 2384 αὕτη
1199 2301 1341 2396 κατέχει
1362 2301 1469 2375 πάσας

134 2426 195 2510 (sc
230 2427 287 2501 τὰς
319 2427 494 2512 πόλεις)’
482 2429 556 2511 ε’ρις,
591 2430 679 2503 ὅπως
704 2429 762 2493 ότι
794 2426 951 2510 καλλίστη
985 2425 1040 2490 καὶ
1070 2424 1186 2509 ηδίστη
1226 2428 1305 2510 αὐτὴ
1343 2427 1465 2510 ἑκάστη

134 2561 290 2634 φανεῖται.
325 2553 429 2618 πάντα
461 2554 496 2616 δὲ
525 2552 630 2635 μεστὰ
661 2551 847 2636 γυμνασίων
946 2539 1017 2617 09..
1039 2528 1149 2626 πόλεις
1180 2575 1214 2615 τε
1245 2551 1298 2614 οὖν
1331 2553 1370 2634 δή
1403 2575 1466 2616 που
1499 2639 1501 2643 ¹

134 2677 314 2758 λάμπουσιν
339 2677 434 2760 οἰγλῃ
459 2675 514 2740 καί
536 2677 643 2760 χάριτι
667 2661 721 2740 καί
743 2679 764 2760 ἡ
788 2685 831 2760 γη
861 2686 951 2741 πᾶσα
982 2675 1049 2740 οἷον
1072 2677 1267 2767 παράδεισος
1291 2648 1468 2760 συγκεκόσ-
1544 2716 1550 2728 ·

133 2823 245 2883 μηται,
278 2801 464 2868 observans
495 2802 577 2867 baec
609 2809 787 2885 praecepta
817 2773 1066 2867 Menandri
1082 2799 1116 2866 lll
1141 2802 1214 2877 377,
1246 2803 1304 2866 26:
1335 2801 1466 2884 πλήρεις

135 2924 269 2989 εἰκόνων
294 2927 328 2989 αἱ
349 2927 468 3001 πόλεις,
500 2927 612 3010 οἱμὲν
636 2928 779 2992 πινάκων
802 2935 964 3010 γραπτῶν,
992 2895 1030 2988 ἀἱ
1052 2926 1087 2992 δέ
1110 2950 1172 2988 που
1197 2923 1251 3018 καὶ
1275 2927 1466 3008 τιμιωτέρας

134 3050 230 3132 ύλης;
261 3068 369 3134 neque
400 3051 511 3117 minus
541 3053 705 3134 εὐσέβειαν
731 3053 788 3134 τὴν
817 3050 890 3134 περὶ
920 3051 955 3115 τό
986 3053 1076 3114 νεῖον
1106 3033 1195 3134 ’(377,
1229 3050 1282 3134 14)
1314 3048 1468 3116 describit

135 3175 296 3242 Aristides
319 3174 440 3260 (103):V
459 3178 550 3259 νόμοι
580 3201 614 3240 τε
644 3177 844 3259 ἐξεφάνησαν
874 3174 929 3239 καὶ
958 3176 1045 3240 dadin
1075 3177 1181 3257 βῶμοι
1209 3173 1316 3238 πίστιν
1340 3175 1465 3257 ἔλαβον.

244 3318 293 3384 Ad
319 3321 404 3385 banc
425 3321 521 3404 pacis
545 3320 672 3403 imperii
690 3317 832 3387 Romani
857 3317 1114 3400 descriptionem
1140 3316 1282 3399 denique
1305 3317 1474 3404 pertinent

137 3459 214 3508 cum
239 3460 299 3508 eae
323 3443 472 3509 Aristidis
496 3445 688 3520 sententiae,
722 3433 843 3527 quibus
868 3440 1011 3511 Romam
1037 3441 1122 3507 bella
1147 3442 1211 3507 iam
1238 3458 1306 3507 non
1333 3442 1468 3508 novisse

137 3565 211 3650 (70)
245 3571 276 3630 et
309 3568 461 3633 omnium
498 3585 612 3633 unam
623 3559 695 3633 sine
730 3548 982 3633 hostibus'esse
1007 3567 1077 3649 (85)
1102 3564 1274 3674 exponit·
1281 3572 1352 3632 turn
1386 3566 1468 3632 baec

246 3750 268 3815 1)
283 3755 421 3810 Conferas
442 3756 543 3824 Agat
554 3756 642 3807 niae
663 3756 749 3822 epigr.
771 3756 849 3820 l743
870 3756 903 3807 77
927 3755 1007 3822 (nist.
1019 3768 1058 3822 gr
1073 3754 1140 3807 min.
1156 3755 1190 3819 ll,
1212 3755 1304 3820 p395
1324 3752 1467 3856 Dindorl).

298 3846 341 3899 74.
363 3837 470 3899 οὐκέτι
493 3859 549 3917 μοι
572 3835 678 3918 χαιρός
698 3859 745 3909 τις
769 3834 948 3918 ἀνέμβατσς

188 3925 190 3930 ’
298 3936 341 3986 77.-
362 3923 432 3987 ἀλλ
458 3926 506 3988 init
497 3931 582 3987 ινύν
607 3924 791 4005 ἀφύλακτος
815 3924 928 4006 ὅλην’
914 3927 1045 4006 ηπειρον
1069 3923 1200 3987 ὁδεύων.
1267 3983 1269 3986 ,

138 4021 272 4076 Versibus
291 4024 506 4090 insequentibus
526 4019 660 4093 (78-97)
687 4037 784 4077 omnes
813 4037 861 4076 eae
883 4025 973 4075 terrae
994 4024 1207 4092 enumerantur,
1238 4035 1309 4088 quas
1334 4022 1468 4090 expedite

136 4116 286 4180 peragrare
307 4114 387 4165 licere
408 4115 493 4180 poeta
513 4113 671 4166 contendit.

245 4197 269 4263 2λ
289 4201 396 4256 Similia
421 4204 560 4254 occurunt
579 4202 606 4253 in
627 4201 846 4255 Themistii
873 4201 1003 4253 laudibus
1027 4199 1156 4252 Gratiani
1176 4193 1215 4252 or.
1238 4199 1301 4251 Xlll
1325 4199 1413 4252 1790:
1438 4188 1472 4253 τί

135 4283 173 4358 ἄν
198 4304 246 4354 τις
270 4281 353 4345 τώδε
377 4281 571 4364 ε’πονομάζοι
592 4281 638 4345 τὼ
663 4279 880 4362 αύτοκράτορε
984 4279 1133 4360 λαμπρόν
1157 4301 1191 4342 τε
1214 4279 1340 4362 εἰρήνην
1358 4303 1469 4360 παρα-

134 4371 252 4454 σχόντε
277 4369 310 4441 ἐξ
334 4373 434 4453 ἄκρας
464 4372 509 4445 εἰς
532 4372 685 4452 ἄκραν.
701 4419 706 4430 .
734 4370 807 4450 σφὼ
840 4369 875 4432 δὲ
907 4369 1029 4432 διδόντα
1059 4365 1401 4478 πανηγυρίζειν,
1439 4378 1468 4428 et

133 4472 229 4537 apud
241 4471 290 4522 Ps
315 4470 415 4524 Arist
421 4470 464 4522 id.
490 4461 535 4532 εἰς
565 4427 737 4541 βασιλέα(
740 4482 780 4520 or
807 4467 933 4520 XXXV
945 4463 1005 4529 37);
1037 4463 1088 4519 νύν
1113 4479 1167 4518 κοιι
1197 4456 1468 4539 πανηγύρεις

133 4549 345 4660 φαιδρότεροι
366 4547 420 4612 καί
444 4547 552 4632 ἑορταὶ
583 4470 838 4630 ύεοηνιλέδτεραι
869 4554 922 4610 νῦν
951 4569 1006 4608 και
999 4544 1198 4628 ύημητρος
1224 4553 1303 4628 πῦρ
1327 4545 1472 4683 λαμπρό-

135 4662 229 4756 τερον
254 4636 308 4700 καὶ
334 4636 587 4720 ἱερώτερον
