3664 5512
288 510 339 576 63.
360 507 461 575 Plena
486 509 582 592 quies
605 509 716 587 aderit,
741 509 828 594 quae
852 491 951 577 strlc'ti
977 512 1089 578 nescia
1112 510 1187 578 ierri

359 634 460 702 altera
485 633 669 700 Saturni
695 633 812 701 releret
836 633 971 702 Latialia
997 626 1142 720 regna.

198 795 317 861 similia
341 811 478 878 quoque
502 795 692 861 invenimus
714 765 804 878 apud
827 793 1062 862 Claudian.
1087 797 1119 862 in
1146 794 1251 866 Ruiin.
1275 797 1285 864 l
1306 799 1367 884 51:

679 918 748 1000 „En
775 937 876 988 aurea
902 899 1047 989 nascitur
1070 928 1171 998 aetas,

357 1063 397 1110 en
424 1045 538 1130 proles
563 1045 697 1128 antiqua
723 1044 812 1112 redit.
859 1045 1062 1124 Concordia,
1085 1045 1198 1114 Virtus
1293 1093 1295 1098 -

357 1188 501 1254 cumque
523 1167 599 1236 Fide
620 1169 728 1237 Pietas
753 1170 817 1237 alta
841 1173 968 1238 cervice
991 1139 1183 1256 vagantur“‚

197 1331 252 1413 qui
283 1337 385 1413 poeta
412 1329 574 1397 Horati
603 1332 740 1416 vestigia
770 1349 923 1428 premere
956 1331 1091 1410 videtur,
1127 1331 1215 1416 apud
1241 1351 1341 1416 quem
1368 1317 1525 1418 legimns:

462 1456 503 1540 (c.
528 1475 553 1523 s.
580 1456 651 1539 su:
836 1455 838 1460 ’
1237 1543 1240 1555 Ι
1615 1426 1619 1433 ’

464 1600 549 1678 „iam
576 1597 672 1666 Fides
697 1606 728 1665 et
752 1598 819 1666 Pax
844 1607 875 1666 et
901 1599 1023 1666 lionor
1046 1577 1227 1684 Pudorque

461 1725 591 1808 priscus
615 1731 647 1791 ei
672 1724 821 1809 neglecta
845 1723 951 1791 redire
971 1724 1083 1792 Virtus
1144 1719 1145 1724 ’

460 1849 568 1928 audet,
593 1855 799 1934 apparetque
823 1850 919 1916 beata
944 1849 1047 1933 pleno

566 1977 665 2059 copia
690 1976 865 2058 cornu.“1)
1077 1973 1080 1978 ’

299 2437 363 2508 Sed
389 2442 454 2508 iam
480 2439 578 2508 huius
602 2439 705 2508 totius
729 2437 938 2524 quaestionis
961 2440 1003 2507 ad
1027 2435 1129 2507 linem
1155 2439 1377 2524 pervenimus.
1414 2441 1524 2538 Verba
1572 2465 1684 2510 coruunt

192 2565 254 2645 illa,
278 2586 365 2651 quae
389 2567 561 2651 quondam
588 2566 749 2651 praedixit
773 2565 967 2651 Propertius
991 2565 1025 2634 lll
1053 2571 1079 2644 1,
1106 2570 1161 2635 15:

301 2729 422 2808 „llllulti
448 2728 565 2807 Roma,
589 2736 664 2797 tuas
688 2729 803 2796 laudes
829 2729 1006 2797 annalibus
1030 2729 1171 2797 addent“

191 2869 269 2920 vera
289 2861 366 2921 suni
386 2855 536 2937 probata.
574 2853 691 2939 Neque
711 2856 798 2921 enim
824 2855 936 2922 solum
958 2860 1081 2939 poetae
1106 2856 1189 2939 epici
1214 2860 1246 2922 et
1270 2854 1523 2950 declamatores,

191 2997 305 3047 verum
332 2981 430 3047 etiam
456 2979 554 3062 lyrici,
585 2980 741 3058 historici,
772 2979 968 3065 philosophi
1000 2980 1117 3048 breves
1140 2955 1190 3050 vel
1221 2980 1384 3048 verbosas
1408 2977 1524 3068 laudes

191 3104 281 3171 urbis
305 3110 336 3171 et
360 3105 489 3189 imperii
515 3103 657 3174 Romani
678 3106 772 3171 libris
796 3106 866 3172 suis
895 3107 1040 3172 inserere
1065 3121 1133 3172 non
1166 3077 1368 3172 destiterunt.
1415 3104 1523 3187 Atque

190 3236 225 3296 ut
258 3247 327 3296 non
361 3229 469 3330 dicam
504 3229 545 3296 de
575 3230 724 3297 Aristidis
758 3231 928 3298 uberrimo
959 3229 1087 3300 Romae
1120 3231 1279 3298 encomio
1309 3229 1359 3297 vel
1391 3228 1546 3326 Vergili,

190 3351 371 3432 Claudiani,
410 3353 504 3424 Rutili
544 3357 674 3440 magnis
711 3357 742 3422 in
781 3355 949 3423 honorem
984 3356 1074 3440 urbis
1112 3354 1385 3438 digressionibus,
1422 3355 1520 3421 eiiam

191 3477 359 3557 Ovidium,
393 3479 602 3563 Propertium
631 3481 681 3546 vel
713 3477 921 3557 Ciceronem,
957 3462 1094 3558 Livium,
1128 3478 1273 3558 Florum,
1305 3479 1521 3546 Ammianum

191 3603 428 3682 Marcellinum,
471 3603 725 3682 Cassiodorum,
768 3605 955 3689 permultos
997 3605 1091 3682 alios,
1133 3603 1276 3674 Romam
1321 3606 1438 3671 iterum
1483 3622 1522 3670 ac

190 3729 325 3811 saepius
362 3729 580 3797 celebravisse
623 3729 857 3812 cognovimus.
919 3728 1054 3812 Quibus
1091 3729 1122 3794 in
1161 3728 1410 3795 laudationibus
1449 3727 1522 3794 licet

295 3914 318 3979 1)
345 3917 438 3978 Quam
462 3917 539 3970 aurei
563 3917 667 3970 saeculi
693 3918 995 3974 commemorationem
1019 3917 1047 3970 in
1071 3917 1206 3971 encomiis
1230 3917 1441 3971 declamatoriis
1466 3917 1521 3970 usi-

188 4007 282 4058 tatam
300 4006 387 4080 luisse
406 4008 499 4059 elucet
518 4019 555 4059 ex
573 4007 615 4061 his
637 4019 751 4074 quoque
772 4006 853 4062 locis:
874 4008 976 4060 Pane
987 4021 1012 4076 g.
1036 4007 1115 4061 Lat.
1137 4007 1178 4059 lX
1200 4007 1242 4073 18,
1261 4010 1292 4062 5:
1314 4008 1414 4074 „adeo,
1430 4007 1519 4060 utres

187 4095 240 4160 est,
265 4107 349 4148 aurea
373 4096 420 4147 illa
444 4096 566 4162 saecula,
593 4109 665 4165 quae
690 4109 746 4150 non
771 4097 819 4150 diu
846 4098 991 4164 quondam
1018 4097 1142 4151 Saturno
1165 4108 1228 4164 rege
1253 4095 1416 4164 viguerunt,
1446 4107 1521 4147 nune

187 4185 310 4237 aeternis
337 4184 471 4251 auspiciis
496 4185 569 4239 lovis
598 4187 627 4238 et
658 4185 786 4240 Herculis
819 4183 1038 4252 renascuntur“,
1084 4185 1300 4254 symmach.
1337 4185 1457 4238 Laudat.
1492 4183 1519 4236 in

190 4273 318 4328 Gratian.
343 4288 383 4328 or.
405 4275 488 4328 1119:
515 4277 564 4341 „et
587 4287 662 4341 vere,
686 4275 709 4326 si
739 4274 782 4328 las
807 4276 851 4329 est
881 4275 1028 4344 praesagio
1057 4274 1156 4328 lutura
1186 4274 1323 4341 conicere,
1351 4273 1520 4327 iamdudum

185 4372 304 4415 aureum
323 4364 469 4416 saeculum
488 4365 607 4417 currunt
626 4364 689 4416 lusa
711 4360 893 4417 Parcarum.“

156 4501 158 4504 v
272 4443 275 4449 ¹
293 4455 371 4524 Alios
388 4449 502 4537 quoque
518 4471 666 4524 nonnullos
684 4471 767 4535 locos,
787 4470 889 4538 quibus
909 4471 979 4522 haec
999 4469 1075 4523 aurei
1096 4470 1201 4524 aetatis
1217 4469 1305 4522 dictio
1320 4468 1451 4523 adhibita
1466 4469 1519 4534 est,

186 4558 253 4612 locis
269 4571 285 4610 a
301 4555 470 4627 Weymano,
486 4561 605 4625 Ottone,
621 4560 648 4612 in
663 4560 808 4614 Thesauro
825 4560 937 4627 linguae
955 4560 1073 4613 Latinae
1088 4558 1154 4626 (sub
1170 4571 1238 4612 voce
1256 4554 1415 4628 ,‚aureus“l
1425 4557 1519 4609 allatis

184 4648 295 4700 adicere
310 4648 406 4701 liceat:
423 4649 572 4714 Flor.147‚
586 4649 611 4701 2.
637 4648 801 4716 symmach.
817 4663 857 4701 or.
870 4649 906 4700 lV
920 4650 959 4703 15.
984 4648 1095 4715 Coripp.
1110 4648 1177 4702 lust.
1190 4649 1279 4722 1185ς
1296 4648 1332 4700 id.
1350 4646 1518 4701 lust.l1178.

1381 4735 1412 4788 10
1590 4735 1592 4739 ’
