3664 5512
342 282 384 360 06

341 511 484 593 ἔχοντας,
509 509 556 572 ού
580 509 683 591 δῶρον
714 505 867 590 τύχης,
903 505 1087 589 Dionys,
1114 504 1184 571 Hal.
1209 503 1230 571 il
1259 508 1307 583 ti,
1336 507 1371 571 3:
1406 513 1452 590 τῷ
1476 505 1595 589 πλήθει
1619 514 1678 570 τού

342 641 578 718 στρατιωτικοῦ
590 632 670 717 πρὸς
688 634 815 696 ἅπαντα
833 630 967 714 διαρκὴς
981 632 1136 713 γενομένη
1153 630 1192 694 τὰ
1207 630 1304 705 δεινὰ,
1326 629 1412 696 ἀλλ’
1433 632 1510 714 οὐχ
1530 633 1674 713 ὥσπερ

340 758 715 842 ὑπολαμβάνουσί
744 779 862 836 τινες
896 757 1046 838 εὐνοίᾳ
1080 754 1214 838 τύχης
1246 757 1513 840 χρησαμένη.

69 959 72 965 -
172 905 294 984 'anaunia
448 916 516 1001 Qui
542 919 723 1000 scriptores
753 916 815 983 hac
839 917 965 983 virtutis
995 915 1059 1000 (vel
1085 917 1129 982 rei
1155 915 1318 999 militaris)
1349 921 1381 982 et
1409 915 1564 1009 fortunae
1594 932 1674 982 con-

93 1044 103 1056 '‘
152 1007 312 1120 ''ifissiifissssfl
340 1043 489 1108 tentione
513 1043 747 1126 quaestionem
771 1047 919 1124 tangunt,
933 1059 1030 1123 quae
1050 1040 1082 1106 in
1102 1054 1225 1124 genere
1246 1039 1422 1123 epidictico
1443 1042 1561 1108 crebro
1581 1047 1675 1108 mota

165 1150 297 1271 ,ssfflg
340 1173 398 1234 est.
446 1166 530 1233 Cum
563 1168 651 1232 enirn
686 1171 815 1258 praeter
846 1166 1185 1248 mores·virfutesque
1216 1167 1314 1232 etiam
1345 1165 1480 1232 fortuna
1511 1166 1601 1232 urbis
1624 1165 1673 1231 vel

196 1294 270 1333 peirn
341 1292 489 1358 hominis
509 1291 664 1357 laudandi
686 1291 718 1357 in
740 1289 904 1357 encomiis
924 1289 1094 1356 afferenda
1114 1297 1210 1366 esset,
1230 1289 1322 1372 quod
1344 1297 1559 1375 praeceptum
1579 1289 1675 1356 tradit

339 1423 502 1483 auctor
526 1422 850 1498 excerptorum
876 1415 983 1482 rhet.
1004 1415 1139 1499 (psai,
1159 1415 1230 1497 att:
1254 1413 1429 1500 „(Urbium
1451 1416 1601 1500 laudem)

338 1542 452 1611 tertius
468 1541 594 1624 (locus)
609 1539 650 1606 de
729 1539 881 1606 moribus
902 1531 1105 1606 incolarum:
1126 1546 1196 1606 tum
1217 1538 1258 1606 de
1279 1541 1330 1606 his
1350 1541 1568 1619 ornamentis,
1587 1558 1673 1624 quae

339 1672 459 1749 postea
493 1667 702 1743 accesserint,
740 1671 797 1732 aut
828 1663 1077 1742 felicitate,
1114 1666 1141 1732 si
1176 1684 1229 1732 res
1262 1671 1385 1748 sponte
1419 1653 1512 1732 ortae
1545 1665 1610 1731 sint
1642 1671 1674 1732 et

338 1792 490 1874 prolatae
515 1797 571 1858 auf
594 1792 764 1856 virtute
789 1796 821 1856 et
844 1790 947 1856 armis
970 1796 1001 1856 et
1026 1789 1116 1856 bello
1141 1797 1368 1876 propagatae‘t
1392 1790 1554 1876 (similiter
1573 1791 1671 1856 etiam

338 1915 503 1983 Cicero
537 1915 578 1982 de
615 1921 697 1982 orat.
732 1914 753 1981 ll
788 1917 869 1982 347:
911 1916 1029 1993 „etiam
1067 1915 1344 1982 felicitatem
1383 1917 1491 1999 ipsam
1530 1915 1671 1983 deorum

338 2026 577 2107 immortalium
606 2032 729 2106 iudicio
760 2040 856 2109 tribui
888 2039 1089 2107 laudationis
1117 2046 1186 2106 est“
1213 2047 1245 2106 et
1268 2041 1517 2106 Menander
1540 2039 1575 2107 lll
1595 2033 1672 2118 420,

338 2167 397 2232 27:
422 2166 536 2248 ύησεις
560 2166 594 2230 δὲ
617 2165 700 2248 μετὰ
724 2165 781 2240 τὰς
809 2167 941 2249 πράξεις
968 2166 1023 2229 καὶ
1053 2165 1107 2230 τὸν
1131 2164 1195 2230 ἀπὸ
1220 2174 1277 2250 τῆς
1306 2167 1406 2251 τύχης
1430 2167 1539 2240 τύπον,
1569 2167 1673 2250 λέγων

337 2293 387 2355 ὅτι
415 2291 675 2375 παρωμάρτησεν
709 2291 796 2374 αύτῷ
829 2291 884 2354 καὶ
917 2291 1006 2363 δεξιά
1039 2315 1085 2366 τις
1118 2291 1223 2378 τύχη),
1257 2308 1359 2374 saepe
1390 2309 1409 2357 a
1443 2289 1672 2357 laudatoribus

337 2415 491 2498 quaestio
523 2413 720 2499 ponebatur,
754 2421 863 2503 utrum
898 2415 945 2480 vir
978 2414 1165 2482 laudandus
1193 2415 1300 2481 virtuti
1334 2435 1376 2482 an
1408 2388 1564 2482 fortunae
1599 2415 1673 2498 plus

338 2538 480 2606 deberet.
517 2540 567 2606 Ab
593 2540 659 2606 hoc
684 2539 763 2606 loco
788 2541 853 2605 iam
880 2528 1114 2606 lsbcrates
1137 2540 1359 2607 Athenienses
1384 2541 1528 2607 celebrat
1551 2540 1673 2625 Paneg.

338 2665 402 2748 (οΓ.
423 2663 474 2730 iV.
496 2666 569 2747 91):
590 2665 630 2730 δι’
652 2663 768 2747 ἀρετὴν
787 2663 856 2730 ἀλλ’
878 2667 915 2729 ού
934 2666 986 2730 ard
1006 2665 1105 2748 τύχην
1124 2667 1285 2748 ἐνίκησαν.
1320 2665 1353 2730 ln
1376 2667 1543 2732 encomiis
1560 2673 1670 2733 allieni

337 2789 515 2857 Alexandri
545 2789 658 2872 Magni
695 2789 778 2854 haec
808 2790 962 2872 quaestio
996 2790 1135 2855 multum
1170 2788 1297 2857 videtur
1327 2789 1479 2868 valuisse,
1513 2790 1545 2858 id
1579 2789 1670 2874 quod

338 2913 587 2981 demonstratur
611 2912 847 2980 Plutarchi
872 2911 1004 2981 dhabus
1028 2915 1247 2994 orationibus,
1271 2899 1358 2999 qua'e
1381 2917 1558 3001 inscriptae
1578 2924 1670 2982 sunt:

337 3039 411 3123 περὶ
434 3045 491 3121 τῆς
515 3038 723 3122 Ἀλεξάνδρου
746 3039 882 3122 τύχης
904 3042 924 3122 ἢ
950 3040 1109 3122 ἀρετῆς
1133 3038 1230 3125 (Plut.
1256 3039 1540 3123 azoti—3453),
1565 3049 1597 3106 et
1621 3041 1672 3107 his

338 3165 448 3230 verbis
471 3163 618 3229 Curtii
642 3161 760 3240 Rufi,
785 3164 907 3246 quibus
930 3162 1117 3229 Alexander
1141 3163 1293 3230 laudatur
1317 3164 1362 3249 (Χ
1382 3167 1410 3242 5,
1435 3166 1508 3250 35);
1535 3163 1672 3245 „Faten-

294 3299 296 3304 '
338 3288 417 3354 dum
453 3294 502 3354 est
534 3294 656 3366 tamen,
694 3306 770 3355 cum
807 3282 985 3371 plurimum
1020 3289 1179 3355 virtuti
1213 3287 1370 3368 debuerit,
1409 3290 1491 3372 plus.
1517 3283 1672 3356 debuisse

337 3413 573 3489 fortunae,
606 3430 707 3495 quam
738 3412 835 3490 solus
866 3414 1017 3479 omnium
1049 3414 1240 3479 mortalium
1267 3415 1495 3502 inpotestate
1525 3415 1669 3481 babuit.“

337 3537 402 3604 Sed
423 3557 498 3604 cum
521 3555 684 3622 persaepe
704 3555 745 3602 ex
769 3538 821 3603 his
841 3536 1017 3604 Alexandri
1039 3539 1203 3605 encomiis
1224 3535 1455 3607 Romanorum
1482 3539 1671 3623 panegyrici

338 3662 524 3745 pendeant„
545 3661 576 3728 id
601 3657 693 3745 quod
724 3661 807 3760 infra
837 3662 885 3746 (p.
914 3662 989 3747 113)
1020 3663 1248 3741 ostendemus
1281 3680 1349 3732 non
1381 3631 1549 3742 miramur,
1579 3663 1670 3747 quod

339 3785 480 3863 Romani
513 3803 650 3869 quoque
682 3804 940 3870 nonnumquam
966 3788 1007 3853 ab
1033 3787 1095 3852 hac
1125 3788 1324 3870 quaestione
1350 3787 1527 3871 praedicati
1552 3788 1672 3870 suntl).

413 3931 414 3934 ,
445 3963 616 4032 Uberrime
642 3970 751 4030 autem
778 3963 819 4030 de
839 3965 906 4032 hoc
930 3950 1001 4028 dard*
1018 3965 1117 4049 τύχης
1137 3967 1227 4049 τόπῳ
1248 3965 1378 4033 disserit
1397 3965 1672 4055 Plutarchus

216 4089 217 4094 ¹
337 4091 369 4156 in
390 4090 546 4157 Oratione
562 4090 637 4172 περὶ
657 4097 714 4173 τῆς
735 4090 907 4173 Ῥωμαίων
927 4089 1026 4174 τύχης
1046 4090 1202 4173 inscripta
1219 4089 1449 4174 (atde—320
1461 4089 1511 4175 C),
1532 4089 1585 4156 ubi
1601 4089 1672 4158 Vir-

336 4220 438 4280 tutem
473 4221 505 4280 et
537 4212 718 4281 Fortunam
753 4215 837 4281 inter
870 4232 906 4280 se
937 4221 1062 4281 certare
1092 4215 1168 4280 dicit
1198 4221 1270 4282 utra
1302 4215 1464 4286 Romanis
1494 4217 1671 4300 imperium

444 4471 466 4538 1)
488 4475 549 4528 Hoc
576 4475 632 4527 iam
660 4473 846 4528 Donatus
877 4476 912 4527 ad
935 4475 1016 4544 Verg.
1042 4477 1113 4528 Aen.
1136 4475 1176 4528 Vl
1201 4475 1251 4530 781
1277 4477 1413 4529 adnotat:
1447 4474 1544 4542 „omni
1571 4489 1673 4545 genere

337 4565 454 4616 laudata
488 4565 531 4617 esf
564 4562 693 4636 (Roma),
731 4565 873 4633 positione
907 4565 969 4631 loci,
1007 4565 1335 4646 potqntia,virtute
1374 4567 1411 4618 et
1448 4564 1673 4620 felicitate

336 4653 440 4706 sobolis
460 4649 556 4708 suae.“
627 4719 638 4752 l
