3664 5512
348 345 409 410 134

347 556 564 622 libanius
588 571 652 638 plo
674 555 807 637 templis
831 555 943 634 390¹):
967 603 1015 615 ...
1037 563 1103 628 τοῖς
1127 553 1316 636 ἡττημένοις
1339 602 1386 614 ...
1402 603 1407 614 .
1432 552 1595 628 πολιτείας
1620 561 1676 634 τῆς

346 681 450 745 αὐτῶν
472 680 674 764 μεταδόντες.
984 766 987 772 .

386 842 389 850 ·
451 804 576 871 Similia
613 809 724 870 autem
759 803 857 868 etiam
892 803 920 900 ei
957 803 1137 884 scriptores
1173 802 1337 878 exhibent,
1375 803 1430 884 qui
1464 802 1677 869 omnibus

344 938 505 996 terrarum
526 929 721 1012 gentibus
741 928 828 994 idem
850 933 948 1010 atque
973 943 1195 992 commune
1216 927 1280 993 ius
1305 944 1379 992 esse
1399 925 1518 1010 dicunt.
1561 925 1674 1008 Quam

295 1122 297 1130 ,
346 1051 571 1120 laudationem
599 1053 704 1135 ipsam
731 1068 868 1134 quoque
893 1051 925 1116 in
956 1051 1074 1118 schola
1106 1051 1260 1116 usitatam
1285 1050 1388 1119 inisse
1419 1045 1594 1117 verisimile
1618 1057 1677 1126 est,

345 1177 437 1260 quod
453 1177 673 1243 Athenienses
689 1176 730 1242 ab
750 1175 871 1242 eodem
889 1173 968 1242 loco
983 1175 1191 1241 celebrantur
1210 1177 1252 1241 ab
1274 1173 1451 1242 lsocrate
1467 1172 1583 1266 orlll.
1600 1178 1676 1242 104:
1735 1167 1738 1174 ’

346 1312 412 1378 τοῖς
440 1301 549 1376 αὐτοῖς
576 1302 685 1384 νόμοις
713 1301 841 1375 άντάσας
870 1301 926 1375 τὰς
949 1299 1059 1376 πόλεις
1082 1300 1272 1383 ὂιῳκοῦμεν,
1307 1309 1520 1384 συμμαχικῶς
1544 1299 1614 1363 ἀλλ’
1640 1301 1678 1363 οὐ

345 1428 546 1502 δεσποτικῶς
569 1426 795 1508 βουλευόμενοι
819 1423 892 1508 περὶ
916 1426 1022 1489 αὐτῶν
1053 1425 1071 1507 (
1074 1435 1138 1490 τῶν
1165 1427 1364 1510 συμμάχων)
1396 1432 1428 1492 ei
1451 1425 1558 1492 simile
1582 1443 1676 1507 prae-

346 1560 478 1635 ceptum
504 1557 609 1617 exstat
634 1549 868 1616 Menandri
894 1549 928 1614 lli
953 1551 1026 1627 363„
1051 1552 1087 1616 8:
1120 1560 1187 1626 τοῖς
1210 1551 1350 1614 δ’ἔάεσιν
1376 1553 1456 1625 ἴσοις
1480 1549 1535 1614 καὶ
1558 1551 1678 1626 κοινοῖς

345 1674 400 1741 καὶ
424 1661 490 1749 τοῖς
513 1676 622 1759 νόμοις
645 1683 771 1759 χρῷντο
795 1674 941 1750 δικαίοις,

454 1799 527 1866 lloc
552 1801 647 1882 igitur
673 1798 778 1866 modo
804 1800 979 1882 imperium
1008 1796 1196 1867 Romanum
1228 1799 1381 1866 laudibus
1411 1799 1552 1865 eiterunt
1580 1799 1678 1864 Ari-

346 1923 490 1991 stides
518 1927 593 1991 102:
620 1926 694 1990 οὐδέ
717 1947 755 2007 γε
779 1927 829 1988 dei
849 1932 903 1988 νῦν
925 1925 1117 2009 περιήγησιν
1139 1933 1200 2008 γῆς
1222 1925 1357 2008 γράφειν
1381 1924 1448 1988 οὐδ’
1474 1925 1521 2000 οἷς
1544 1926 1678 1989 ἕκαστοι

272 2045 273 2052 ¹
345 2059 484 2134 χρῶνται
517 2050 626 2132 νόμοις
659 2040 863 2132 άντοριάμεῖν,

345 2178 480 2239 ἅπασι
505 2175 657 2250 τάξαντες
679 2223 706 2236 ..
726 2175 895 2256 γάμους
915 2197 957 2238 τε
977 2176 1157 2249 κοινοὺς
1180 2175 1372 2258 ποιήσαντες
1391 2173 1446 2238 καὶ
1467 2175 1681 2249 συντάξαντες

241 2279 246 2292 ⁸
290 2304 293 2310 ’
347 2301 456 2383 ὥσπερ
477 2303 531 2364 ἕνα
551 2301 639 2364 οἶκον
661 2303 790 2364 ἅπασαν
810 2307 867 2383 τῆν
887 2301 1087 2383 οἰκουμένην,
1113 2298 1317 2366 Prudenl.
1343 2302 1373 2364 ln
1398 2297 1524 2382 Symm.
1549 2297 1571 2365 ΙΙ
1595 2300 1679 2364 608:

508 2423 597 2502 „lus
621 2424 696 2490 iecit
720 2415 956 2492 commune
981 2441 1133 2508 pares,
1158 2430 1189 2490 et
1214 2425 1352 2490 nomine
1376 2423 1496 2491 eodem

507 2551 618 2615 nexuit
641 2557 672 2616 et
696 2549 845 2617 domitos
868 2549 1012 2616 fraterna
1037 2550 1068 2615 in
1093 2550 1199 2616 vincla
1225 2548 1356 2632 redegit.

506 2673 632 2739 Vivitur
656 2674 847 2763 omnigenis
871 2673 901 2738 in
928 2673 1084 2756 partibus,
1110 2672 1198 2739 hand
1223 2691 1321 2740 secus
1345 2691 1383 2740 ac
1408 2674 1434 2739 si

506 2799 594 2865 cives
618 2799 819 2882 congenitos
844 2796 1023 2863 concludat
1047 2798 1227 2865 moenibus
1252 2800 1326 2865 unis

422 2999 423 3004 ,
511 2892 719 3006 urbs'patria
743 2930 842 3006 atque
867 2939 989 3005 omnes
1015 2923 1081 2988 lare
1106 2921 1324 2990 conciliemur
1348 2925 1447 2991 avito.

509 3046 676 3114 Distantes
701 3049 837 3131 regione
863 3048 981 3131 plagae
1006 3013 1176 3130 divisaque
1202 3057 1309 3130 ponto

506 3173 614 3238 littora
638 3172 841 3238 conueniunt
866 3190 953 3236 nunc
979 3189 1037 3254 per
1059 3171 1253 3238 vadimonia
1277 3171 1317 3238 ad
1343 3192 1445 3240 unum
1545 3188 1550 3198 ·

506 3303 545 3362 et
569 3313 804 3362 commune
828 3295 1025 3380 forum2),
1051 3315 1139 3363 nunc
1163 3315 1222 3380 per
1246 3300 1449 3374 commercia
1474 3306 1505 3365 et
1528 3306 1625 3378 artes,

505 3421 547 3487 ad
572 3428 705 3488 coetum
732 3420 905 3499 celebrem,
931 3440 1019 3487 nunc
1044 3440 1112 3507 per
1126 3421 1268 3506 genialia
1291 3402 1394 3489 fulcra

506 3547 630 3612 externi
655 3546 696 3612 ad
722 3547 789 3611 ius
814 3547 1024 3613 conubii:
1050 3565 1127 3612 nam
1152 3548 1316 3630 sanguine
1341 3549 1445 3614 mixto

505 3672 624 3736 texitur
647 3671 781 3736 alternis
804 3689 844 3736 ex
869 3670 1021 3754 gentibus
1047 3688 1113 3737 una
1137 3678 1323 3756 propago.“

347 3811 662 3888 Rutilius165;
688 3812 744 3877 78:

507 3934 686 4018 „Dumque
711 3934 814 4002 oilers
838 3937 930 4002 victis
955 3938 1080 4021 proprii
1107 3940 1281 4005 consortia
1306 3940 1411 4007 luris.“

446 4063 488 4127 78
509 4058 678 4138 „Foedere
702 4062 875 4126 communi
901 4061 1009 4128 vivere
1034 4069 1153 4128 cuncta
1179 4063 1287 4132 iacis.“

446 4182 594 4250 Eandem
634 4185 744 4268 legum
784 4187 1060 4253 communitatem
1095 4187 1138 4252 ila
1172 4199 1354 4272 exponunt,
1393 4198 1427 4256 ut
1464 4193 1495 4256 in
1534 4193 1678 4276 imperio

347 4308 503 4379 Romano
534 4327 656 4410 omnes
687 4311 784 4388 cives,
817 4311 928 4377 nullos
958 4316 1117 4402 externos
1147 4330 1222 4380 esse
1247 4313 1372 4381 dicant:
1408 4315 1589 4382 Aristid.
1616 4321 1677 4385 60:

452 4494 475 4560 1)
500 4497 583 4550 Hunc
604 4500 696 4551 locum
716 4499 802 4552 aiiert
822 4499 938 4553 Carolus
965 4502 1062 4554 Pascal
1084 4503 1099 4555 l.
1120 4503 1143 4555 ος
1165 4517 1191 4570 p.
1216 4505 1256 4569 lo,
1281 4508 1301 4556 l.

411 4665 418 4686 Ι
451 4581 475 4648 2)
502 4587 636 4642 Similiter
661 4589 850 4643 Aristides
874 4590 923 4644 60:
948 4579 1002 4644 καὶ
1025 4581 1142 4656 πάντες
1162 4584 1271 4673 ὥσπερ
1296 4585 1341 4656 εἰς
1364 4587 1505 4670 κοινὴν
1529 4585 1680 4680 ἀγορὰν

346 4689 481 4742 συνιασι,
