3664 5512
187 513 453 532 *—

191 539 246 546 ...-
302 538 525 544 ...αφ-φ.

203 587 404 657 Rutilius
429 574 462 710 11
651 585 897 652 Menander
929 586 1029 668 περὶ
1063 591 1374 648 συντακτικού.

744 535 1018 542 ...φὴς-...μ-γ-
1047 535 1112 538 -..-
1129 534 1133 538 -
1160 535 1165 540 -
1189 531 1518 540 -m-—a-—m-u—..m

253 785 408 850 93-110
507 785 571 849 ἀπὸ
596 792 654 848 τοῦ
676 785 782 858 εἴδους
806 791 863 846 τοῦ
886 783 1034 855 κάλλους,
1070 781 1137 845 οἷον
1170 781 1233 844 ἀπὸ
1266 787 1373 845 στοῶν
1396 781 1451 844 καί
1473 781 1519 845 λι-

479 879 498 969 ..
550 911 655 991 μένων
687 908 742 980 καὶ
776 907 984 990 ἀκροπόλεως
1019 906 1073 969 καὶ
1112 907 1205 989 ἱερῶν
1242 906 1427 970 πολυτελῶν
1464 904 1519 968 καί

551 1033 757 1116 ἀγαλμάτων.
1206 1014 1208 1017 ’

200 1165 203 1171 ’
230 1161 405 1227 201-202
506 1159 580 1234 431,
605 1160 639 1224 5:
665 1139 842 1232 ἐπαινέσεις
866 1157 901 1220 ἀὲ
924 1157 1006 1239 μετὰ
1032 1131 1266 1220 ταύτα...καὶ
1288 1155 1413 1238 θέατρα
1511 1135 1512 1138 ¹

234 1286 340 1352 129-
362 1284 405 1350 32
506 1283 579 1358 433,
608 1284 660 1348 13;
694 1283 925 1356 καλλιωπίσεις
956 1282 991 1345 ἀὲ
1026 1282 1080 1346 τὸν
1112 1281 1209 1363 λόγον
1242 1280 1298 1344 καί
1331 1279 1435 1344 εἰκόσι
1463 1279 1519 1342 καὶ

257 1409 381 1492 passim
551 1409 705 1490 ἱστορίαις
729 1408 783 1472 καί
806 1408 1007 1490 παραβολαῖς
1035 1407 1090 1469 καὶ
1114 1413 1184 1480 ταῖς
1206 1407 1317 1479 ἄλλαις
1340 1403 1518 1488 γλυκύτησι

232 1535 405 1600 145-154
505 1535 579 1609 431,
604 1533 660 1598 22:
686 1531 757 1596 εἶτα
780 1531 916 1616 συνεύξῃ
941 1555 1004 1596 που
1029 1531 1154 1604 τούτοις
1168 1580 1173 1592 .
1188 1579 1216 1592 ..
1242 1530 1282 1593 τά
1305 1530 1472 1622 κάλλιστα,

232 1659 404 1726 iss-156
470 1674 476 1686 ·
505 1659 579 1733 431,
604 1637 659 1722 π
686 1657 819 1740 oviam]
844 1633 879 1720 οι
903 1657 1009 1738 αυτῷ
1034 1657 1089 1719 και
1112 1657 1211 1720 που
1235 1655 1361 1738 υμνοι
1384 1654 1518 1718 κατιπ-

548 1783 661 1846 άνυάον
684 1782 838 1865 χρηστήν,
1379 1787 1380 1790 ’

168 1920 171 1936 ·
268 1907 363 1991 (162)

452 1964 454 2015 γ
503 1909 577 1983 431,
602 1907 658 1972 29;
683 1907 738 1970 καί
763 1909 812 1969 ὅτι
836 1907 874 1968 ἃν
898 1909 984 1970 ούτω
1009 1905 1150 1989 τύχῃ...
1176 1906 1355 1980 παῖδας...
1381 1901 1531 1970 ἀποστεέ

452 2021 454 2032 ⁴
547 2033 673 2106 λεῖς...
699 2032 878 2114 ὀψομένους
902 2033 959 2114 τὴν
983 2032 1082 2114 αὐτὴν
1105 2031 1197 2095 πάλιν
1501 2095 1503 2100 ,

285 2157 346 2223 192
503 2133 576 2232 433,
600 2159 634 2222 4;
675 2157 747 2220 τότε
784 2158 879 2221 πάλιν
916 2155 1057 2239 πούήσιο
1086 2129 1144 2240 τὴν
1174 2157 1267 2220 πόλιν
1375 2155 1422 2230 τίς
1454 2153 1515 2237 γὰρ

451 2260 453 2313 1
546 2282 671 2364 Ἴβηρσι
694 2283 890 2366 παρατυχὼν
913 2285 934 2365 ἢ
957 2279 1045 2365 παρὰ
1065 2282 1290 2364 Λωτοφάγους
1324 2280 1517 2362 ἀφικόμενος

546 2407 604 2469 οὐκ
628 2408 666 2468 ἀν
689 2407 771 2488 ὑμᾶς
794 2406 1030 2490 προτιμήσειιν,

450 2538 453 2615 i
605 2531 649 2605 ὡς
673 2532 764 2595 οὐδὲν
787 2531 918 2613 γλύκιον
941 2531 979 2613 ἧς
1000 2528 1161 2614 πατρίδος’
1177 2531 1251 2596 οὐδὲ
1276 2529 1404 2612 τοκήων

229 2656 401 2722 1033196
502 2656 546 2730 ὡς
569 2655 711 2740 Ὅμηρός
734 2657 797 2720 πού
820 2643 910 2738 γιγσι·
954 2631 956 2636 ¹

494 2777 539 2862 -ἦς
563 2782 659 2863 γαίης
682 2783 741 2844 καί
761 2783 882 2844 καπνὸν
905 2781 1168 2865 ἀποθρώσκοντα
1191 2785 1316 2862 νοῆσαι.

288 2993 526 3089 Notabilis'est
551 2999 672 3091 poetae
698 3012 773 3060 cum
800 2996 971 3062 rhetorum
997 2995 1185 3078 praeceptis
1213 2991 1446 3078 consensusl).
1481 3000 1515 3059 ut

177 3118 230 3184 vix
266 3135 285 3182 a
319 3124 411 3184 recto
445 3118 649 3206 aberremus,
691 3120 717 3184 si
752 3137 868 3186 versus
900 3136 1038 3203 quoque
1071 3117 1240 3185 Homerici
1280 3115 1401 3202 (Odys.
1424 3117 1434 3184 1
1458 3119 1514 3198 57)

187 3243 407 3320 mitationem
432 3260 532 3326 quam
558 3244 691 3309 exhibet
716 3242 853 3312 Rutilius
881 3247 1072 3311 tos-196:
1236 3237 1240 3244 “

261 3341 264 3346 ’
290 3361 380 3446 „Nec
405 3367 502 3435 iocus
526 3368 577 3434 iiie
602 3368 681 3433 mihi
707 3370 924 3452 cognoscitur
948 3345 1055 3434 iudice
1078 3368 1174 3435 fumo

294 3582 364 3647 195.
390 3598 595 3664 quamquam
630 3580 726 3663 signa
752 3581 831 3648 levis
864 3580 945 3647 iumi
971 3581 1189 3649 commendat
1214 3581 1393 3659 Homerus,

501 3705 622 3772 diiecto
645 3707 803 3788 quotiens
826 3708 930 3790 surgit
954 3708 985 3772 in
1011 3714 1099 3773 astra
1123 3707 1229 3784 s010⁴⁴‚

180 3827 257 3895 inde
277 3828 462 3912 proiectam
483 3847 558 3896 esse
579 3830 833 3909 contendamus
858 3849 1063 3915 quamquam
1085 3850 1161 3899 cum
1187 3830 1356 3899 Ovidio
1376 3849 1513 3916 quoque

181 3953 331 4019 eiusdem
357 3954 423 4021 ioci
449 3956 480 4021 in
496 3933 651 4022 ¹mentem
677 3957 802 4022 venerit
827 3958 881 4038 (ex
906 3955 1001 4023 Pont.
1026 3956 1034 4023 1
1060 3959 1088 4034 3,
1114 3958 1171 4036 293
1196 3957 1267 4041 33):

266 4079 335 4144 29.
360 4096 495 4156 „rursus
519 4097 618 4146 amor
642 4081 768 4163 patriae
793 4081 923 4148 ratione
946 4081 1109 4148 valentior
1133 4083 1236 4158 omni,
1346 4070 1348 4075 ’

183 4240 395 4250 ——...--

283 4334 305 4400 1)
338 4335 419 4398 Quod
443 4338 566 4396 Rutilius
596 4342 656 4409 ipso
677 4355 794 4396 numero
819 4356 963 4407 versuum,
993 4342 1104 4410 qnibns'
1128 4340 1238 4426 Romae
1270 4345 1416 4412 valedicit,
1445 4358 1514 4398 con-

100 4419 102 4424 ’
174 4427 255 4479 venit
283 4439 347 4479 cum
377 4430 534 4496 praeceptis
563 4428 710 4484 Menandri
739 4432 787 4498 (cf.
818 4432 984 4498 111434,7;
1013 4423 1164 4508 προάξεις
1204 4424 1262 4505 τὴν
1297 4425 1512 4508 συντακτικὴν

173 4513 405 4590 συγγραφικῶς
428 4508 483 4571 καὶ
506 4510 580 4592 ἀχρι
603 4511 778 4576 διακοσίων
802 4514 923 4598 στίχων
945 4515 966 4596 ἢ
992 4513 1224 4596 τριακοσίων),
1250 4535 1316 4578 casu
1343 4537 1375 4577 ac
1390 4525 1512 4578 fortuito

181 4605 317 4664 accidisse
335 4607 414 4680 puto.
