3664 5512
1459 289 1499 354 87

172 504 209 566 οὐ
232 502 271 584 δή
294 497 357 566 που
379 503 525 585 πλουσίῳ
548 502 607 584 μὲν
633 502 765 584 μᾶλλον,
799 502 911 583 πένητι
944 502 978 564 δὲ
1010 501 1107 584 ἦττον
1140 502 1350 584 χαριζόμενόν
1383 525 1417 565 τε
1443 502 1505 566 καὶ

170 628 394 710 παραπέμπον,
419 625 490 702 ἀλλῗ
515 628 582 710 ὅτῳ
605 627 731 710 γένοιτο
755 626 815 699 ἀεί,
850 633 963 718 τοῦτον
987 627 1107 708 ὁμοίως
1131 628 1286 709 ὠφελοῦν.
1333 625 1504 693 similibus

172 757 282 818 autem
316 751 424 816 verbis
458 750 599 817 eandem
634 750 803 816 iustitiam
823 739 1069 816 Menander
1111 750 1210 818 docet
1243 742 1502 844 praedicandam

172 893 247 943 esse
271 875 407 960 (111379,
432 876 503 960 21):
528 877 565 940 οὐ
588 875 843 960 προκριθήσετοιι
866 871 1028 950 πλούσιος,
1054 877 1091 939 οὐ
1115 876 1216 960 χαμαὶ
1239 885 1385 941 πεσεῖται
1408 877 1505 961 λόγος
1588 878 1590 881 ’

173 1009 230 1066 τοῦ
255 1002 392 1084 πένητος
424 999 558 1077 δίκαιος,
592 979 836 1065 πεπαύσθοισαν
867 1001 942 1083 ἡμῖν
975 1001 1007 1063 οἱ
1035 999 1184 1065 πλούσιοι
1215 1010 1285 1077 ταῖς
1307 999 1507 1084 περιουσίαις
1577 973 1579 978 ¹

171 1125 400 1208 κομπούμενοι,
424 1126 668 1190 πεποιύσθοισαν
691 1127 724 1190 οἱ
744 1128 878 1208 πένητες
902 1124 1101 1209 ὀδυρόμενοι.

279 1283 440 1352 Omnium
467 1301 547 1352 vero
572 1286 725 1352 virtutum
751 1285 969 1368 scriptoribus
995 1285 1171 1367 poetisque
1197 1284 1296 1351 laude
1311 1285 1508 1370 dignissima

172 1410 231 1476 luit
263 1410 379 1476 bellica
411 1411 522 1476 virtus.
571 1408 683 1493 Quam
722 1411 753 1476 in
787 1393 1037 1476 laudationibus
1072 1409 1310 1492 proterendam
1343 1427 1418 1476 esse
1451 1409 1507 1476 ad·
1568 1465 1570 1472 ,

174 1541 291 1602 nolant
315 1534 582 1628 Her'mogen.
613 1554 643 1618 p.
671 1539 719 1613 lb,
747 1538 805 1602 ll:
832 1536 954 1619 (ἐρεῖς)
981 1535 1048 1598 οἷον
1080 1535 1315 1618 στρατιωτικὸν
1344 1534 1415 1617 βίον
1438 1533 1508 1598 ἑλό-

171 1684 266 1742 μενος
290 1660 323 1726 nl
344 1662 377 1725 ἐν
401 1661 506 1744 τούτῳ
524 1636 723 1744 'cartapeta
749 1666 781 1725 el
804 1659 953 1726 similiter
977 1657 1166 1726 Priscianus
1192 1660 1229 1724 21
1265 1659 1313 1742 (p.
1339 1661 1414 1738 556,
1440 1659 1507 1744 22).

172 1785 279 1868 Atque
296 1782 529 1853 Romanorum
555 1802 693 1868 quoque
710 1784 940 1868 disciplina
957 1783 1156 1850 militaris
1180 1790 1211 1860 et
1225 1783 1507 1867 lortltudosaepe

174 1911 205 2013 in
231 1909 382 1976 laudibus
407 1911 538 1993 positae
563 1915 648 1977 sunt.
697 1909 901 1992 Disciplinae
935 1914 1046 1975 autem
1072 1907 1220 1974 militaris
1253 1908 1423 1975 allerimus
1448 1909 1509 1975 has

174 2035 384 2101 laudationes
416 2033 561 2100 Valer.
596 2033 767 2101 Maxim.
792 2032 858 2100 lli
892 2033 940 2118 (p.
965 2037 1016 2113 82,
1047 2038 1076 2112 (ι,
1102 2033 1168 2118 Κ.);
1202 2033 1393 2117 „disciplina
1427 2034 1508 2099 mili·
1568 2045 1569 2050 ’

106 2137 110 2143 ’
173 2161 267 2225 taris:
292 2158 402 2225 Venio
428 2178 516 2226 nunc
542 2159 582 2225 ad
608 2160 825 2242 praecipuum
852 2158 955 2226 decus
979 2167 1010 2226 et
1032 2158 1073 2224 ad
1089 2158 1348 2224 stabilimentum
1366 2157 1515 2228 Romani·

174 2285 312 2367 imperii,
336 2285 469 2350 salutari
496 2285 743 2367 perseverantia
767 2283 808 2350 ad
835 2285 901 2350 boc
925 2292 1058 2366 tempus
1085 2285 1252 2350 slncerum
1284 2291 1316 2349 et
1340 2283 1509 2350 incolume

172 2415 350 2488 servatum,
384 2409 534 2475 militaris
567 2408 760 2531 nisciplinae
793 2409 1044 2475 tenacissimum
1079 2408 1276 2485 vinculum‚“
1301 2402 1509 2474 ‘ibidemll8

172 2535 219 2617 (p.
243 2535 293 2610 93,
318 2537 348 2611 4,
373 2532 441 2617 Κ.);
468 2533 672 2616 „Disciplina
697 2534 845 2600 militaris
869 2534 986 2599 acriter
1009 2539 1137 2599 retenta
1161 2533 1382 2616 principatum
1400 2531 1509 2599 ltaliae
1535 2595 1544 2616 „

176 2655 333 2727 Romano
359 2659 501 2742 imperio
527 2659 726 2742 peperit...
759 2659 862 2724 totius
895 2663 1056 2724 terrarum
1091 2657 1184 2724 orbis
1217 2657 1293 2724 lecit
1325 2659 1510 2724 columen.“

174 2781 476 2866 Quemadmodum
513 2781 666 2850 Valerius
700 2785 742 2848 ita
776 2780 1103 2865 Quintilianus
1136 2800 1274 2866 quoque
1300 2790 1511 2882 personatus

172 2908 381 2991 disciplinam
419 2909 593 2974 militarem
632 2926 770 2974 causam
817 2907 1055 2990 magnitudinis
1100 2909 1229 2991 imperii
1268 2925 1343 2974 esse
1380 2907 1521 2985 censet;¹

173 3032 267 3116 quod
307 3033 357 3098 bis
400 3034 544 3115 probare
585 3032 696 3099 studet
737 3033 910 3098 sententiis
949 3030 1047 3117 (decl.
1092 3032 1168 3097 mal.
1212 3030 1246 3097 lll
1293 3032 1366 3115 14);
1414 3048 1510 3108 „nam

173 3157 200 3224 si
235 3175 310 3223 vere
344 3158 569 3234 aestimemus,
613 3158 851 3240 imperium
888 3157 1004 3240 populi
1040 3136 1185 3227 Romani
1221 3158 1261 3243 ad
1302 3129 1387 3224 lianc
1423 3157 1541 3224 diem-

175 3281 366 3348 milltari
392 3281 644 3364 disciplina
669 3283 808 3348 stetit.
843 3299 929 3350 non
956 3284 1073 3349 enim
1110 3282 1244 3354 nobis
1277 3289 1333 3348 aut
1358 3283 1512 3350 multi-

173 3399 284 3473 tudo
317 3408 462 3474 maior
495 3414 544 3472 est
576 3425 678 3489 quam
712 3407 829 3473 ceteris
852 3408 1014 3490 gentibus,
1051 3414 1126 3472 aut
1158 3383 1535 3473 vehementiora

102 3617 104 3620 Ι
174 3532 413 3615 corpora1)
446 3549 547 3614 quam
573 3530 623 3596 vel
649 3530 700 3596 bis
724 3549 801 3596 ecce
831 3530 983 3608 Cimbris,
1017 3537 1074 3598 aut
1108 3532 1376 3615 maioresropes
1410 3549 1511 3616 quam

175 3656 446 3739 locupletissimis
472 3656 581 3739 regnis
605 3663 661 3721 aut
685 3657 803 3722 mortis
827 3663 1043 3740 contemptus
1067 3655 1196 3722 lacilior
1219 3675 1320 3740 quam
1347 3657 1537 3740 plerisque
1566 3697 1568 3702 ,

175 3780 326 3848 barbaris
359 3798 497 3847 causam
531 3781 615 3846 vitae
650 3797 718 3846 non
754 3780 961 3846 habentibus.
1003 3759 1244 3864 principes
1284 3798 1367 3848 nos
1391 3781 1490 3847 iaci
1502 3787 1514 3846 t

174 3905 335 3972 severitas
359 3906 594 3982 institutorum,
628 3905 742 3971 ordo
772 3903 908 3970 militi
920 3923 985 3982 ae,
1021 3923 1120 3972 amor
1143 3905 1277 3989 quidem
1315 3906 1448 3984 laboris,
1483 3917 1514 3980 et

173 4147 179 4157 ,
284 4090 307 4157 1)
328 4095 456 4147 Eandem
476 4095 651 4146 sententiam
675 4094 877 4151 Rutilium
898 4093 1069 4160 expressisse
1089 4093 1251 4147 invenimus
1273 4094 1320 4148 lib.
1346 4095 1424 4149 187:

392 4182 470 4249 „Nec
490 4183 543 4235 tibi
563 4183 692 4236 nascenti
713 4184 805 4250 plures
825 4183 996 4250 animaeque
1017 4196 1175 4250 manusque
1218 4167 1222 4184 Ν

444 4273 493 4324 sed
514 4272 576 4340 plus
596 4273 704 4325 consilii
725 4272 880 4339 iudiciique
900 4272 966 4324 luit.

397 4361 975 4414 lrrstisbellorumcausisnec
996 4374 1063 4427 pace
1083 4361 1207 4428 superba

448 4450 549 4503 nobilis
569 4452 605 4503 ad
625 4464 752 4503 summas
773 4450 861 4519 gloria
881 4451 961 4502 venit
981 4447 1077 4518 opes.“

175 4541 314 4608 (Romam
333 4552 444 4608 semper
464 4540 540 4592 iusta
561 4540 634 4593 bella
655 4540 771 4608 gessisse
792 4539 862 4592 item
886 4539 981 4592 Livius
1002 4540 1149 4607 praedicat
1170 4539 1260 4590 XXX
1284 4540 1324 4606 16,
1344 4540 1374 4594 9;
1406 4553 1516 4608 „popu-

177 4632 241 4686 lum¹
259 4629 421 4686 Romanum
441 4632 470 4681 et
489 4629 631 4696 suscipere
652 4629 725 4704 iuste
748 4629 819 4681 bella
840 4630 869 4681 et
889 4625 1017 4693 finire.“)
